3584 5234
295 661 331 716 32
384 662 437 716 DE
457 661 794 719 PRAESCRIPTIONE
813 661 1124 719 HAERETICORUM
1141 663 1198 719 XX
1217 640 1365 719 l-XXII
1383 665 1408 717 4.

298 822 456 908 doctrina,
486 825 575 891 euius
598 825 742 908 regulam
770 844 866 910 supra
890 823 1060 908 edidimus,
1093 824 1135 891 de
1158 825 1373 910 apostolorum
1399 826 1499 892 tradi·

297 927 384 992 tione
408 934 576 993 censeatur
585 930 607 1009 ¹,
632 933 663 991 et
687 947 727 992 ex
751 924 813 992 hoe
836 928 906 1012 ipso
931 935 1079 993 ceterae*
1102 927 1143 994 de
1167 928 1336 995 mendacio
1353 931 1496 995 veniant.

296 1056 308 1095 r
333 1028 610 1096 Communicamus
635 1049 706 1094 oum
730 1029 876 1094 eeclesiis
900 1029 1097 1114 apostolicis,
1127 1029 1212 1114 quod
1237 1032 1324 1097 nulla
1348 1031 1501 1098 doctrina

296 1132 444 1200 diversa:
470 1132 530 1197 hoo
554 1138 602 1197 est
625 1133 840 1198 testimonium
865 1133 1022 1198 veritatis.

297 1378 406 1446 XXII.
453 1379 569 1462 Neque
592 1377 666 1442 iure
690 1379 775 1443 obici
792 1383 916 1463 potest,
946 1380 1115 1464 apostolos
1139 1400 1205 1444 noa
1229 1382 1343 1446 omnia
1361 1383 1498 1447 scivisse

673 1576 680 1597 ἱ
705 1481 860 1547 aalaidis
883 1483 1076 1547 tradidisse.

402 1636 467 1703 Sed
501 1638 649 1719 quoniam
679 1635 767 1702 tamb
801 1636 954 1722 expedita
987 1638 1135 1722 probatio
1165 1644 1224 1721 est,
1259 1644 1294 1702 ut
1326 1639 1354 1704 si
1387 1640 1497 1704 statim

296 1741 486 1827 proferatur,
520 1739 599 1804 nihil
624 1741 689 1804 iam
712 1739 754 1804 sit
777 1739 1028 1822 retraetandum,
1061 1761 1101 1805 ae
1124 1741 1151 1805 si
1174 1741 1300 1825 prolata
1323 1761 1386 1806 non
1410 1743 1452 1807 sit
1475 1764 1500 1808 a

294 1845 396 1926 nobis,
429 1843 534 1908 loaum
564 1842 691 1906 interim
722 1841 834 1907 demus
864 1841 1012 1908 diversae
1034 1844 1130 1928 parti,
1163 1844 1190 1909 si
1214 1843 1291 1926 quid
1314 1851 1428 1929 putant
1452 1843 1497 1909 ad

295 1943 522 2009 infirmandam
547 1942 631 2007 hano
653 1943 939 2027 praescriptionem
969 1964 1097 2009 movere
1130 1963 1165 2009 se
1195 1965 1300 2029 posse.
1346 1945 1496 2012 aSolent
1599 2009 1601 2013 .

296 2047 414 2128 dicere,
438 2066 501 2111 non
526 2046 632 2110 omnia
655 2045 818 2130 apostolos
841 2046 951 2127 scisse,
977 2044 1089 2110 eadem
1113 2047 1229 2128 agitati
1253 2046 1415 2112 dementia
1431 2068 1499 2131 qua.

295 2169 403 2215 susum
426 2151 552 2213 rursus²
577 2152 768 2213 convertunt
799 2149 906 2211 omnia
934 2147 1063 2230 quidem
1097 2149 1259 2233 apostolos
1292 2149 1401 2232 scisse,
1436 2150 1496 2215 sed

295 2272 358 2318 non
382 2251 488 2316 omnia
505 2250 651 2316 omnibus
666 2248 848 2330 tradidisse,
873 2250 906 2313 in
925 2256 1061 2333 utroque
1078 2250 1236 2316 Christum
1253 2252 1495 2336 reprehensioni

294 2355 470 2430 inicientes,
502 2358 555 2436 qui
580 2360 654 2419 aute
678 2354 781 2418 minus
816 2354 988 2419 instructos
1018 2359 1074 2418 aut
1097 2374 1210 2438 parum
1233 2355 1395 2441 simplices
1418 2378 1495 2441 apo-

294 2459 393 2525 stolos
416 2458 548 2522 miserit.

401 2587 413 2625 a
438 2559 516 2637 Quis
540 2556 660 2644 igiturd
684 2561 830 2644 integrae
854 2560 969 2625 mentis
993 2558 1125 2625 credere
1148 2567 1265 2646 potest,
1294 2561 1415 2645 aliquid
1439 2581 1495 2628 eos

295 2665 470 2748 ignorasse,
508 2671 606 2745 qu0s⁰
634 2663 805 2747 magistros
836 2661 983 2727 dominus
1012 2661 1112 2746 dedit,
1141 2662 1325 2729 individuos
1353 2661 1499 2731 habensf

295 2769 327 2830 in
353 2767 516 2848 comitatu,
541 2766 573 2830 in
591 2765 795 2848 discipulatu,
819 2765 850 2828 in
869 2766 1035 2851 convictu;
1061 2765 1176 2848 quibus
1192 2766 1328 2831 obseura
1348 2786 1494 2848 quaeque

293 2869 449 2934 seorsim8
472 2867 659 2948 disserebat,
695 2867 759 2932 illis
783 2865 894 2932 dicens
919 2866 1028 2931 datum
1052 2886 1122 2933 esse
1147 2886 1340 2949 cognoscere
1364 2886 1493 2949 arcana,

295 2990 378 3054 quae
400 2970 519 3056 populo
544 2969 731 3054 intellegere
755 2989 817 3033 non
841 2969 998 3034 liceret3?
1043 2994 1056 3032 r
1079 2969 1191 3032 Latuit
1215 2967 1336 3050 aliquid
1352 2969 1492 3042 Petrum,

294 3071 522 3138 aedificandae
558 3073 714 3138 eeclesiae
748 3078 873 3156 petram
903 3070 1035 3153 dietum,
1074 3070 1181 3136 claves
1211 3071 1301 3152 regni
1332 3070 1493 3134 caelorum

294 3184 512 3259 consecutum,
537 3182 569 3240 et
592 3174 739 3242 solvendi
762 3182 795 3241 et
818 3172 975 3257 alligandi
999 3173 1032 3237 in
1056 3173 1154 3238 caelis
1178 3173 1265 3238 etin
1290 3174 1383 3240 terris
1405 3180 1494 3258 pote·

453 3413 468 3444 a
482 3419 523 3456 an
543 3404 656 3457 ceterae
675 3400 846 3470 LSabcopr.
921 3399 1022 3454 utum
1043 3398 1118 3454 LSa.
1192 3402 1255 3454 eut
1274 3397 1303 3455 S.
1376 3399 1494 3454 denam

453 3485 567 3542 LSabc.
653 3497 738 3541 eom.
758 3484 785 3542 S.
880 3481 1029 3539 suauitas
1048 3481 1135 3552 Sabo,
1154 3483 1276 3540 habitus
1294 3484 1328 3539 L.
1418 3486 1493 3538 sita

453 3570 525 3641 Apr,
543 3587 678 3626 seorsum
697 3569 772 3626 LSo.

400 3729 411 3766 ¹
430 3731 527 3786 Voces
546 3731 685 3785 ‘census'
702 3746 757 3800 pro
775 3731 893 3800 origine
913 3735 942 3784 et
969 3730 1115 3786 ‘censeri’
1126 3746 1182 3800 pro
1201 3730 1366 3797 ‘originem
1379 3727 1493 3782 habere

293 3818 342 3871 vel
356 3816 485 3872 ducere’
502 3817 698 3871 innummeris
709 3817 783 3870 locis
802 3815 886 3885 apud
898 3814 1118 3870 Tertullianum
1142 3811 1352 3884 deprehendes
1371 3811 1492 3875 (Oehler

293 3901 333 3955 ad
352 3900 398 3956 De
427 3916 539 3957 corona
567 3917 592 3956 c.
612 3900 666 3969 13).
773 3897 911 3954 ²susum
941 3900 969 3963 (i.
990 3914 1015 3954 e.
1039 3897 1172 3966 sursum)
1201 3910 1307 3952 rursus
1326 3917 1360 3942 =
1380 3910 1492 3964 susque

293 3986 401 4057 deque.
437 3987 580 4042 Fortasse
592 4002 647 4056 pro
666 3985 805 4040 ‘rursus’
823 3985 989 4055 legendum
1009 3988 1066 4040 est:
1085 3982 1227 4052 ‘iusum'3
1246 3983 1299 4037 cfr.
1319 3996 1341 4036 s.
1352 3980 1491 4052 August,

292 4071 328 4127 In
356 4073 441 4142 epist.
461 4072 524 4128 loh.
550 4071 589 4125 ad
608 4071 745 4137 Parthos,
773 4074 923 4125 tractatus
947 4069 1054 4125 VIIl2
1083 4070 1198 4139 (Migne
1225 4067 1257 4122 P.
1283 4067 1300 4120 l.
1324 4067 1367 4134 35,
1396 4067 1491 4136 2036):

291 4156 390 4227 ‘quod
409 4172 512 4212 susum
531 4158 646 4211 faciens
670 4156 778 4224 iusum,
808 4154 888 4225 quod
917 4154 1059 4209 deorsum
1086 4155 1202 4208 faciens
1230 4167 1363 4220 sursum,
1389 4153 1510 4208 iusum.

293 4243 339 4297 vis
357 4242 460 4296 lacere
480 4241 568 4296 deum
589 4245 619 4296 et
637 4245 668 4295 te
689 4239 813 4295 susum’.
852 4239 966 4295 Eodem
985 4239 1051 4294 loeo
1077 4243 1163 4293 tract.
1182 4237 1211 4293 X
1228 4237 1259 4292 8:
1286 4235 1414 4293 ‘Susum
1442 4251 1491 4290 me

294 4326 432 4396 honoras,
451 4327 549 4381 iusum
568 4340 617 4381 me
637 4323 759 4380 ealoas’.
832 4320 967 4378 ³Matu1.
986 4323 1028 4391 13,
1048 4323 1091 4376 11.
