3584 5234
765 1468 1056 1545 ADPENDIX.

419 1701 453 1766 S.
478 1698 683 1767 'IRENAEI
707 1699 937 1765 ADVERSUS
961 1697 1187 1763 HAERESES
1211 1696 1400 1762 1113—4*.

419 1842 520 1907 1113.
569 1840 791 1907 Traditionem
826 1842 936 1923 itaque
971 1840 1189 1925 apostolorum
1224 1841 1257 1905 in
1290 1846 1358 1906 toto
1394 1841 1511 1906 mundo

306 1945 549 2010 manifestatam
584 1946 616 2008 in
649 1945 734 2010 omni
757 1943 897 2010 ecclesia
921 1943 1033 2008 adest1
1057 1943 1241 2028 perspicere
1265 1945 1420 2025 omnibus,
1457 1944 1512 2028 qui

309 2067 390 2113 -vera
414 2047 514 2112 velint
537 2045 658 2127 videre,
683 2051 714 2111 et
738 2045 892 2111 habemus
909 2044 1119 2110 adnumerare
1140 2063 1204 2128 eos,
1229 2045 1283 2128 qui
1299 2045 1340 2110 ab
1357 2046 1511 2130 apostolis

312 2147 449 2214 instituti
473 2152 546 2212 sunt
570 2147 713 2232 episcopi
737 2146 770 2211 in
793 2146 950 2229 ecclesiis,
975 2152 1008 2211 et
1031 2146 1249 2211 successiones
1274 2165 1382 2211 eorum
1409 2166 1510 2228 usque

309 2249 355 2315 ad
378 2269 446 2331 nos,
471 2250 525 2332 qui
549 2248 629 2313 nihil
652 2249 738 2314 tale²
761 2246 937 2314 docuerunt
960 2267 1064 2329 neque
1089 2253 1317 2331 cognoverunt,
1350 2249 1444 2332 quale
1468 2249 1510 2315 ab

312 2352 362 2418 his
386 2352 549 2417 deliratur.
597 2352 724 2418 Etenim
757 2352 784 2416 si
813 2350 980 2417 recondita
1013 2350 1167 2434 mysteria
1194 2341 1330 2417 scissent
1361 2352 1510 2437 apostoli,

313 2475 395 2538 quae
418 2455 550 2520 seorsim
575 2461 607 2519 et
629 2455 765 2520 latenter
789 2453 830 2519 ab
854 2453 985 2536 reliquis
1009 2453 1171 2538 perfectos
1195 2452 1365 2533 docebant,
1389 2455 1438 2520 his
1460 2457 1510 2521 vel

310 2559 450 2624 maxime
474 2557 638 2623 traderent
662 2577 710 2641 ea,
736 2558 849 2641 quibus
873 2558 971 2622 etiam
986 2558 1074 2642 ipsas
1090 2556 1244 2622 ccclesias
1269 2558 1509 2624 committebant.

312 2659 416 2726 Valde
440 2660 524 2727 enim
548 2660 710 2744 perfectos
734 2666 766 2725 et
789 2659 1090 2745 inreprehensibiles
1114 2659 1147 2723 in
1171 2660 1316 2725 omnibus
1346 2679 1400 2725 cos
1424 2661 1509 2726 vole·

305 2763 389 2828 tant
413 2781 493 2840 esse,
519 2782 598 2845 quos
620 2768 653 2827 et
668 2781 869 2829 successores
884 2761 1118 2845 relinquebant,
1142 2780 1233 2826 suum
1248 2763 1388 2847 ipsorum
1404 2763 1509 2829 locum

303 2865 488 2949 magisterii
512 2864 687 2948 tradentes,
723 2865 839 2947 quibus
861 2863 1031 2930 emendate
1060 2865 1248 2948 agentibus³
1273 2865 1368 2930 fieret
1391 2887 1509 2950 magna

312 2967 446 3050 utilitas,
469 2968 568 3052 lapsis
592 2975 698 3032 autem
722 2987 844 3032 summa
868 2966 1045 3032 calamitas.
1093 2967 1140 3047 (2)
1157 2966 1224 3032 Sed
1248 2968 1397 3049 quoniam
1414 2969 1508 3035 valde

312 3070 440 3152 longum
464 3076 513 3134 cst
536 3071 569 3134 in
593 3069 654 3135 hoc
677 3070 735 3135 tali
758 3069 919 3135 volumine
942 3069 1083 3135 omnium
1100 3069 1307 3135 ecclesiarum
1324 3091 1509 3138 enumerare

312 3170 538 3254 successiones,
563 3172 723 3237 maximae
747 3178 779 3236 et
802 3170 1044 3255 antiquissimae
1072 3176 1104 3237 et
1137 3172 1281 3237 omnibus
1306 3174 1465 3257 cognitae,
1490 3195 1510 3240 a

312 3272 549 3355 gloriosissimis
572 3273 697 3340 duobus
720 3274 875 3358 apostolis
897 3274 994 3339 Petro
1018 3280 1051 3339 et
1070 3273 1194 3338 Paulo4
1209 3273 1331 3341 Romae
1354 3276 1509 3344 fundatae
1561 3306 1565 3315 ·

312 3380 345 3440 et
362 3375 555 3440 constitutae
571 3375 727 3441 ecclesiae
743 3396 824 3459 eam,
841 3396 936 3459 quam
956 3375 1054 3441 habet
1070 3376 1110 3441 ab
1128 3377 1282 3461 apostolis
1294 3377 1509 3463 traditionem,

313 3484 346 3544 et
369 3476 592 3543 adnuntiatam
616 3478 796 3546 hominibus
818 3478 918 3545 iidem
943 3499 1001 3563 per
1034 3479 1253 3546 successiones
1288 3481 1510 3566 episcoporum

312 3582 551 3666 pervenientem
574 3602 674 3664 usque
698 3582 741 3648 ad
764 3602 822 3648 nos
845 3581 1036 3666 indicantes,
1070 3583 1293 3650 confundimus
1316 3603 1424 3649 omnes
1455 3605 1510 3652 eos

419 3753 434 3786 *
453 3753 569 3808 Textus
588 3769 718 3824 graecus
739 3760 783 3810 est
798 3755 921 3811 Eusebii
941 3757 979 3810 ab
1000 3756 1055 3810 Ed.
1074 3754 1257 3811 Schwartaio
1276 3754 1409 3826 (Lipsiae
1428 3757 1510 3826 1903)

304 3838 557 3993 {2331AEngss
584 3845 686 3894 eutem
712 3840 807 3894 latina
827 3855 867 3895 ex
885 3840 1019 3895 editione
1038 3840 1163 3910 Harvey
1183 3840 1410 3911 (Cantabrigiae
1428 3842 1510 3912 1857)

419 4077 430 4114 ¹
449 4079 574 4148 πάρεστιν
592 4095 647 4136 seu
664 4080 770 4143 ἔξεστιν.
851 4075 863 4114 ²
882 4080 972 4149 quale
991 4082 1131 4151 gnostici.
1219 4077 1288 4135 ’ὧν
1305 4081 1511 4151 ἀνορθουμένων

314 4163 332 4217 i.
353 4178 378 4219 c.
401 4165 511 4233 quibus
531 4180 657 4220 munere
675 4180 730 4220 suo
749 4165 845 4235 probe
863 4167 1073 4235 fungentibus.
1182 4163 1196 4200 ⁴
1214 4164 1466 4223 claromontanus
1481 4173 1511 4223 et

305 4246 478 4303 'Vossianus
497 4249 616 4304 codices
635 4249 829 4304 vetustissimi
849 4248 975 4305 habent:
994 4250 1092 4305 Paulo
1112 4255 1142 4305 et
1161 4249 1259 4306 Petro.
