3584 5234
737 630 1038 724 raonsconnun.
1473 666 1490 720 τ

293 832 510 917 obponebant‚
534 829 752 914 intellegenda
783 830 847 896 sint
882 829 1057 910 (cs-12.
1086 832 1150 917 14),
1186 849 1269 911 quae
1303 831 1345 894 sit
1379 829 1492 912 regula

291 934 381 1017 fidei,
406 955 500 1016 quam
526 932 763 999 defendendam
788 934 849 998 sibi
877 933 1047 1018 proposuit
1076 935 1117 1014 (c.
1138 934 1201 1013 13).
1250 932 1414 998 Haeretici
1447 932 1490 997 ad

291 1036 408 1100 nullam
434 1035 474 1100 de
498 1036 664 1121 scripturis
688 1034 937 1120 disputationem
962 1033 1154 1100 admittendi
1175 1041 1249 1100 sunt
1272 1035 1490 1117 (c.15-18);

293 1138 371 1202 illud
407 1140 490 1203 enirn
524 1136 739 1220 quaerendum
765 1144 824 1220 est,
861 1137 975 1219 quibus
999 1138 1137 1221 apostoli
1168 1137 1346 1201 doctrinam
1372 1136 1491 1204 Christi

293 1259 463 1324 sacrasque
499 1243 674 1326 scripturas
709 1240 902 1306 tradiderint
938 1240 977 1324 (c.
1003 1241 1065 1318 19).
1118 1241 1189 1305 Hae
1224 1248 1297 1305 sunt
1333 1241 1491 1307 ecclesiae

293 1343 499 1427 apostolicae,
535 1344 722 1426 quibuscum
746 1343 778 1407 in
803 1342 871 1407 fide
896 1341 1076 1407 consentire
1100 1343 1316 1409 testimonium
1346 1345 1491 1409 veritatis

294 1452 342 1511 est
364 1449 405 1527 (c.
422 1447 576 1525 20-21).
623 1446 737 1528 Neque
761 1446 846 1510 obici
870 1451 987 1528 potest,
1018 1445 1182 1529 apostolos
1205 1451 1262 1510 aut
1294 1465 1357 1510 non
1385 1447 1491 1511 omnia

293 1547 425 1614 scivisse
459 1553 514 1612 aut
549 1549 615 1613 suis
648 1568 712 1612 non
747 1548 853 1612 omnia
877 1546 1050 1612 tradidisse
1086 1554 1142 1611 aut
1178 1569 1198 1611 a
1231 1549 1297 1613 suis
1325 1546 1491 1632 discipulis

293 1670 403 1734 parum
438 1651 620 1715 intellectos
655 1669 726 1714 esse
762 1652 803 1730 (c.
820 1650 976 1728 22-27).
1025 1650 1184 1714 Haereses
1220 1650 1381 1715 Valentini
1411 1651 1491 1714 Mar-

293 1752 392 1818 cionis
420 1754 638 1835 'Hermogenis
673 1751 822 1834 aliaeque
857 1753 958 1816 multo
991 1758 1065 1836 post
1100 1759 1239 1817 aetatem
1275 1753 1491 1837 apostolorum

292 1861 382 1920 ortae
405 1855 431 1919 si
456 1855 545 1939 ipsae
569 1856 738 1920 veritatem
755 1853 920 1919 vindicare
936 1862 1082 1939 possent,
1107 1875 1195 1919 error
1212 1855 1323 1937 utique
1340 1861 1415 1919 ante
1436 1876 1491 1922 eas

219 2031 223 2037 ,
291 1957 509 2041 regnavisset3
543 1957 600 2022 sed
624 1957 845 2041 principalitas
873 1957 1021 2022 veritatis
1056 1963 1088 2022 et
1123 1958 1296 2042 posteritas
1332 1956 1491 2022 mendacii

291 2061 354 2124 iam
379 2079 420 2124 ex
442 2060 598 2144 parabola
623 2059 663 2124 de
687 2060 794 2124 tritico
819 2064 850 2124 et
874 2059 997 2124 zizania
1021 2066 1125 2143 patet3
1165 2080 1206 2124 ex
1238 2061 1491 2145 praescriptione

292 2162 390 2245 igitur
413 2164 611 2249 posteritatis
635 2170 667 2227 et
690 2163 843 2227 novitatis
867 2161 1018 2228 haereses
1042 2161 1235 2227 damnantur
1264 2168 1300 2227 ut
1327 2161 1491 2227 adulterae

293 2267 334 2345 (c.
352 2266 509 2346 28-36).
556 2266 623 2330 Iam
649 2285 689 2329 ex
714 2265 902 2330 diversitate
926 2263 1103 2346 doctrinae,
1130 2285 1212 2346 quae
1238 2265 1321 2330 inter
1337 2265 1492 2331 ecclesias

294 2367 470 2433 catholicas
495 2369 738 2450 haereticosque
761 2367 944 2448 intercedit,
969 2367 1077 2449 hosce,
1102 2388 1173 2432 cum
1199 2367 1335 2434 heredes
1366 2374 1491 2451 aposto·

294 2469 424 2535 lieorum
461 2471 614 2534 librorum
648 2491 711 2534 non
745 2471 818 2553 sint,
852 2469 894 2534 ad
929 2461 1091 2534 cehtamen
1125 2469 1171 2534 de·
1206 2490 1299 2535 sacra
1333 2472 1492 2555 scriptura

293 2571 466 2652 ineundum
490 2571 707 2637 admittendos
731 2593 794 2636 non
819 2592 889 2638 esse
906 2574 1064 2654 sequitur;
1090 2573 1227 2654 accedit,
1253 2572 1339 2655 quod
1356 2573 1491 2637 eandem

293 2673 486 2756 scripturam
509 2673 664 2738 haeretici
688 2673 842 2739 instinctu
866 2673 987 2739 diaboli
1011 2683 1067 2738 aut
1092 2682 1302 2758 corruperunt
1337 2684 1392 2739 aut
1419 2694 1490 2758 per-

293 2795 385 2840 verse
420 2777 623 2861 interpretati
657 2783 730 2841 sunt
763 2778 803 2856 (c.
827 2777 982 2856 37—40).
1030 2775 1240 2843 Conversatio
1276 2784 1384 2842 autem
1416 2776 1492 2842 hae-

292 2878 473 2961 reticorum,
511 2898 593 2961 quae
628 2886 677 2943 est
713 2878 880 2944 doctrinae
915 2877 1025 2960 index,
1061 2878 1162 2944 futilis
1195 2885 1244 2944 est
1275 2882 1315 2959 (c.
1333 2879 1490 2958 41-44).

292 2981 440 3063 Denique
465 2988 577 3046 auctor
600 3000 634 3045 se
659 2981 756 3045 etiarn
780 2981 964 3064 specialiter
992 2980 1125 3064 singulis
1156 2981 1329 3046 haereticis
1362 3001 1492 3065 respon·

293 3105 398 3150 surum
422 3107 492 3153 esse
516 3088 674 3172 promittit
698 3089 739 3168 (o.
757 3087 824 3168 45).

399 3191 429 3255 5.
476 3190 574 3255 Liber
597 3190 647 3255 De
671 3191 924 3275 praescriptione
948 3192 1176 3275 conrplorr'baa
1199 3193 1368 3256 codicibus
1399 3192 1491 3257 nobis

293 3291 430 3358 traditus
447 3299 506 3376 est,
530 3293 674 3377 inprimis
691 3292 804 3359 codice
818 3292 1029 3376 Agobardino
1043 3293 1115 3374 (cfr.
1133 3313 1229 3378 supra
1245 3315 1277 3377 p.
1295 3295 1340 3375 2),
1364 3299 1493 3378 praeter

293 3413 372 3476 quos
396 3393 438 3459 ad
463 3401 586 3459 textum
609 3395 839 3462 restituendum
864 3397 961 3460 etiarn
985 3396 1223 3461 vetustissimae
1241 3395 1399 3460 editiones
1420 3415 1492 3460 con·

292 3496 445 3561 sulendae
470 3502 552 3561 sunt.
600 3496 782 3581 Separatim
806 3495 913 3562 editus
936 3504 986 3562 est
1008 3503 1117 3562 nostra
1153 3503 1260 3561 aetate
1296 3498 1337 3562 ab
1362 3500 1492 3562 Hortor

293 3599 356 3679 (Ss.
381 3606 509 3683 patrum
533 3599 688 3683 opuscula
711 3600 841 3682 selecta,
868 3599 932 3664 vol.
951 3600 1009 3680 IX,
1035 3599 1086 3664 ed.
1113 3600 1215 3664 altera
1240 3598 1355 3684 Oenip.
1381 3599 1490 3681 1880),

292 3702 345 3784 qui
371 3701 505 3784 Rigaltii
538 3706 662 3766 textum
696 3701 823 3766 omnino
861 3703 1022 3787 repetivit,
1056 3724 1076 3766 a
1113 3703 1302 3768 Prcasclroo
1326 3701 1490 3785 (Friburgi

295 3804 390 3888 1892,
434 3805 623 3887 Sammlung
662 3797 900 3888 ausgewthlte'r
944 3805 1092 3870 kirchen·
1135 3805 1201 3869 und
1239 3804 1489 3889 dogmengeseh.

296 3903 588 3981 Quellenschriften
611 3905 877 3990 herausgegeben
901 3928 964 3972 von
981 3908 1020 3972 G.
1038 3908 1166 3991 Krdger
1189 3908 1204 3971 I
1221 3907 1266 3988 3),
1291 3907 1346 3990 qui
1360 3906 1491 3972 Oehleri

293 4012 415 4070 textum
439 4015 578 4090 secutus,
604 4008 767 4094 complura
784 4015 891 4074 tamen
907 4011 977 4093 ipse
993 4011 1142 4092 tentavit,
1167 4032 1186 4074 a
1201 4011 1329 4075 Vizzr'ar'
1344 4010 1489 4093 (Romae,

292 4128 393 4174 annus
406 4108 507 4192 deest,
532 4110 736 4176 Bibliotheca
759 4131 800 4176 ss.
817 4118 956 4196 patrum,
980 4113 1079 4177 series
1096 4112 1145 4176 ΙΙΙ
1169 4112 1231 4177 vol.
1248 4113 1304 4196 II),
1329 4113 1491 4195 quiPreu·

292 4208 401 4274 scheni
426 4216 547 4276 textum
572 4233 675 4297 paene
698 4212 856 4296 integrum
881 4213 1050 4297 expressit.

400 4314 470 4377 Pro
494 4316 557 4378 boc
582 4336 655 4380 mea
679 4317 822 4380 editione
858 4314 939 4391 duos
972 4316 1206 4383 vetustissimos
1242 4316 1382 4400 codices,
1406 4317 1491 4401 Ago-
