3584 5234
292 692 309 744 a
332 753 334 758 ,
742 693 1042 750 raonnooumm.

293 853 394 932 ‘Quot
416 874 519 938 paene
544 855 643 919 verba
667 861 714 919 tot
745 857 948 938 sententiae',
986 858 1039 939 qui
1074 857 1178 924 minus
1212 856 1346 941 provide
1381 857 1489 923 addit:

293 959 387 1040 ‘quot
397 977 508 1022 sensus
518 963 565 1022 tot
578 958 733 1022 victoriae
743 960 767 1039 ’ς
782 966 869 1023 recte
886 959 1098 1025 Lactantius¹
1117 960 1157 1025 de
1171 979 1225 1025 eo:
1241 961 1292 1024 ‘in
1309 960 1489 1043 loquendo’,

293 1060 405 1142 inquit,
422 1061 546 1144 ‘parum
562 1059 678 1143 facilis,
694 1081 806 1144 parum
824 1067 969 1146 comptus
986 1069 1018 1126 et
1030 1063 1163 1126 multum
1180 1063 1356 1129 obscurus’.
1380 1062 1489 1130 Nihilo

296 1162 395 1228 setius
417 1162 450 1225 in
474 1181 603 1226 numero
627 1162 954 1245 ingeniosissimorum
978 1164 1169 1249 scriptorum
1198 1166 1489 1232 ecclesiasticorum

296 1270 382 1329 certe
406 1263 573 1329 habendus
597 1272 645 1329 cst
670 1265 901 1346 Tertullianum
937 1267 1080 1350 parentis
1104 1287 1207 1350 paene
1243 1268 1313 1334 loco
1341 1289 1412 1333 eum
1437 1270 1490 1334 ob-

294 1368 434 1433 servavit
458 1386 482 1431 s.
497 1367 687 1451 Cyprianus,
713 1369 767 1449 qui
790 1368 978 1449 ‘numquam
1002 1369 1122 1450 absque
1139 1370 1329 1435 Tertulliani
1352 1372 1489 1436 lectione

293 1491 389 1535 unam
412 1470 578 1555 praeteriit
601 1469 684 1533 diem
709 1491 748 1535 ac
764 1472 889 1534 notario
906 1490 963 1534 suo
980 1472 1092 1536 crebro
1106 1470 1203 1536 dixit:
1229 1471 1272 1536 da
1289 1474 1488 1556 magistrum!

295 1572 525 1638 Tertullianum
550 1571 701 1637 videlicet
724 1572 963 1656 significans’2.

400 1676 430 1740 3.
460 1675 633 1740 Plurimos
646 1676 749 1740 libros
763 1675 953 1759 conscripsit
963 1676 1194 1759 Tertullianus,
1211 1677 1265 1759 qui
1278 1698 1349 1742 cum
1360 1687 1490 1763 propter

295 1779 550 1862 singularitatem
575 1782 607 1842 ct
630 1779 822 1860 gravitatem
847 1779 1003 1843 sermonis
1026 1778 1132 1844 medio
1157 1799 1237 1844 aevo
1268 1780 1371 1845 minus
1403 1781 1489 1865 lege·

292 1889 411 1962 rentur,
435 1879 521 1944 hand
545 1881 640 1964 pauci
664 1880 904 1963 interciderunt,
935 1881 990 1944 alii
1023 1887 1079 1945 aut
1113 1902 1175 1947 uno
1211 1881 1323 1947 codice
1346 1884 1490 1966 Agobar·

293 1983 368 2048 dino
392 1990 447 2047 aut
480 1983 543 2063 (De
573 1981 743 2067 baptismo,
778 1984 828 2047 De
851 1983 979 2065 ieiunio,
1005 1984 1053 2048 De
1086 1983 1256 2068 pudicitia)
1292 1984 1368 2049 solis
1402 1993 1489 2049 vetu-

292 2085 439 2151 stissimis
463 2084 657 2151 editionibus
690 2085 808 2169 typicis
838 2084 879 2149 ad
903 2106 961 2150 nos
989 2091 1217 2169 pervenerunt;
1254 2106 1335 2168 quos
1372 2107 1488 2169 graece

293 2186 394 2252 edidit
418 2187 527 2270 libros,
551 2207 659 2251 eorum
683 2187 787 2251 nullus
811 2187 939 2252 omnino
964 2193 1080 2253 exstat.
1126 2189 1226 2253 Porro
1244 2188 1315 2253 libri
1333 2189 1412 2271 eius,
1437 2192 1489 2271 qui

294 2296 432 2372 exstant,
457 2308 566 2354 omnes
589 2289 658 2354 fere
682 2288 841 2374 polemici,
864 2294 900 2353 ut
924 2289 1044 2372 dieunt,
1073 2289 1201 2374 generis
1235 2297 1319 2371 sunt,
1356 2291 1411 2354 alii
1447 2291 1489 2355 ad

292 2393 443 2458 tuendam
466 2391 567 2457 fidem
592 2399 703 2457 contra
719 2391 856 2456 ludaeos
873 2398 906 2456 et
922 2412 1076 2477 paganos,
1101 2393 1157 2457 alii
1174 2393 1216 2457 ad
1232 2392 1488 2476 redarguendam

293 2494 450 2559 haeresim
486 2513 542 2558 seu
577 2492 619 2557 ad
656 2492 889 2577 obpugnandos
924 2494 1067 2577 singulos
1096 2493 1277 2559 haereticos
1301 2496 1488 2579 praesertim

292 2597 466 2680 gnosticos,
491 2596 546 2660 alii
571 2594 611 2660 de
636 2594 806 2680 disciplina
830 2595 1052 2661 ecelesiastica
1085 2616 1270 2678 morumque
1304 2596 1490 2679 integritate

292 2700 413 2782 scripti.
460 2697 582 2779 Quibus
606 2699 698 2764 annis
721 2698 838 2781 singuli
862 2698 934 2763 libri
951 2698 1156 2763 adtribuendi
1173 2698 1246 2774 sint,
1272 2698 1313 2763 de
1329 2699 1489 2782 plerisque

292 2800 463 2866 diiudicari
487 2802 611 2882 nequit3
648 2799 689 2864 de
712 2800 820 2865 multis
844 2799 877 2864 id
902 2802 1003 2866 solum
1028 2808 1164 2882 constat,
1200 2807 1306 2865 utrum
1335 2809 1489 2887 tempore,

292 2924 354 2987 qno
377 2911 489 2969 auctor
513 2904 669 2969 eeclesiae
693 2903 883 2987 catholicae,
920 2925 961 2969 an
985 2924 1047 2986 quo
1073 2905 1216 2968 Montani
1253 2902 1384 2968 adsecla
1418 2905 1489 2986 fuit,

293 3006 462 3091 compositi
486 3007 557 3070 sint.

398 3110 430 3172 4.
468 3109 624 3173 Omnium
642 3110 802 3190 codicum,
820 3108 934 3190 quihus
951 3108 1142 3172 Tertulliani
1166 3127 1264 3192 opera
1281 3106 1323 3173 ad
1339 3127 1397 3172 nos
1420 3127 1490 3192 per·

292 3217 458 3294 venerunt,
483 3218 547 3276 tres
572 3212 683 3294 optimi
707 3210 856 3275 videntur
880 3229 964 3275 esse:
990 3208 1217 3293 Agohardinus
1242 3210 1338 3290 (Bihl.
1360 3210 1490 3278 Nation.

291 3315 395 3379 Paris.
423 3313 586 3394 nr.1622,
622 3332 708 3379 saec.
735 3313 805 3395 IX),
841 3312 1140 3397 Montepessulanus
1173 3331 1259 3377 saec.
1290 3312 1339 3377 XI
1380 3313 1490 3392 (etiam

292 3416 488 3481 Pithoeanus
512 3416 627 3499 dictus,
652 3415 727 3498 quia
751 3416 827 3480 olim
850 3415 887 3479 P.
906 3405 1040 3479 'pithoei
1068 3415 1196 3497 fuerat),
1226 3413 1490 3480 Scletstadiensis

292 3538 376 3583 saec.
390 3518 454 3598 XI,
488 3516 545 3582 sed
570 3516 602 3581 in
627 3516 726 3600 hisee,
761 3517 856 3582 sicuti
890 3516 924 3580 in
955 3517 1071 3581 ceteris
1096 3516 1286 3581 Tertulliani
1315 3514 1489 3596 codicibus,

293 3620 456 3704 complura
480 3620 547 3684 eius
571 3639 669 3704 opera
693 3618 927 3684 desiderantur.
973 3619 1023 3683 Dc
1039 3621 1262 3684 vetustissimo
1279 3618 1389 3683 codice
1406 3615 1490 3702 Apo·

292 3724 435 3788 bordino
470 3723 567 3808 paulo
607 3722 787 3788 accuratius
824 3719 1005 3805 disputabo.
1052 3721 1090 3784 In
1126 3720 1229 3805 prima
1265 3719 1333 3784 eius
1368 3717 1489 3803 pagina

292 3826 373 3893 haec
396 3827 513 3892 litteris
536 3826 716 3892 uncialibus
731 3826 852 3910 scripta
867 3825 1031 3908 leguntur:
1055 3824 1169 3888 ‘Liber
1185 3823 1312 3888 oblatus
1328 3822 1371 3887 ad
1388 3821 1489 3887 altare

291 3931 395 3995 sancti
419 3928 577 4013 Stephani
601 3948 641 3993 ex
676 3934 752 3994 voto
776 3926 943 4010 Agobardi
979 3926 1151 4011 episcopi'.
1197 3926 1273 3989 Fuit
1297 3924 1490 4007 Agobardus

293 4033 461 4118 episeopus
484 4030 709 4116 Lugdunensis
732 4031 824 4096 annis
848 4029 1037 4109 sio-8403
1069 4029 1153 4093 intra
1183 4026 1242 4093 hos
1265 4027 1365 4110 igitur
1388 4047 1490 4092 annos

399 4267 583 4325 11nst.div.
605 4268 629 4323 V
650 4270 674 4324 1.

399 4351 412 4390 ²
430 4354 553 4410 Hieron.
573 4356 590 4409 l.
610 4355 629 4409 l.
