3584 5234
746 713 962 771 ADPENDIX.
1429 724 1465 780 67

260 876 394 947 πίστεως
428 877 524 941 αὐτοῦ
559 878 613 942 καὶ
640 878 675 942 τὸ
698 880 848 962 κήρυγμα
876 881 1000 964 salutis,
1024 889 1156 966 possunt
1173 883 1308 951 discere.
1348 885 1463 952 Sedet

261 984 316 1061 τῆς
338 978 488 1061 ἀληθείας
516 981 546 1043 οἱ
573 981 761 1063 βουλόμενοι
794 982 848 1045 καὶ
877 1003 959 1066 quae
976 990 1024 1049 est
1036 985 1158 1069 Ephesi
1170 987 1308 1054 eeclesia
1325 1009 1345 1053 a
1361 989 1462 1055 Paulo

261 1082 478 1163 φροντίζοντες
489 1088 544 1165 τῆς
559 1084 680 1147 ἑαυτῶν
691 1085 848 1167 σωτηρίας
876 1085 1005 1169 quidem
1022 1086 1168 1171 fundata,
1193 1088 1336 1156 Iohanne
1356 1098 1461 1157 autem

262 1183 410 1247 δύνανται
431 1185 557 1266 μαθεῖν.
604 1184 711 1249 Ἀλλὰ1
744 1187 798 1250 καὶ
825 1188 845 1269 ἡ
874 1195 1081 1272 permanente
1105 1190 1191 1276 apud
1216 1212 1271 1259 eos
1294 1212 1394 1276 nsque
1418 1194 1461 1259 ad

259 1286 294 1348 ἐν
308 1285 432 1369 Ἐφέσῳ
455 1287 602 1370 ἐκκλησία
626 1287 689 1351 ὑπὸ
711 1287 845 1352 Παύλου
875 1291 1008 1356 Traiani
1025 1299 1179 1377 tempora,
1197 1295 1288 1360 testis
1304 1302 1353 1361 est
1369 1315 1462 1363 verus

260 1386 320 1469 μὲν
342 1389 602 1473 τεθεμελιωμένη,
626 1390 778 1455 Ἰωάννου
811 1389 846 1454 δὲ
874 1396 1091 1480 apostolorum
1115 1395 1306 1462 traditionis.

259 1493 509 1573 παραμείναντος
533 1494 638 1564 αὐτοῖς
659 1496 752 1577 μέχρι
781 1498 845 1557 τῶν

265 1592 423 1675 Τραϊανοῦ
435 1594 573 1677 χρόνων,
588 1596 710 1677 μάρτυς
721 1594 845 1679 ἀληθής

257 1695 339 1758 ἐστιν
361 1703 415 1779 τῆς
437 1701 502 1760 τῶν
535 1697 721 1762 ἀποστόλων
743 1721 843 1781 παρα-

260 1795 391 1868 δόσεως.

365 1914 415 1978 ΙΙΙ
439 1915 470 1979 4.
517 1915 643 1980 Tantae
665 1915 764 1999 igitur
788 1914 987 1980 ostensiones
1021 1931 1091 1977 eum
1125 1911 1199 1986 sint,
1232 1931 1295 1975 non
1331 1916 1458 1994 oportet

258 2012 366 2081 adhuc
402 2036 556 2100 quaerere
594 2017 681 2102 apud
720 2018 800 2083 alios
838 2017 1018 2097 veritatem,
1058 2034 1152 2097 quam
1191 2011 1289 2078 facile
1328 2019 1377 2079 est
1416 2014 1457 2078 ab

259 2118 398 2183 ecclesia
430 2139 563 2203 sumere,
604 2140 675 2185 oum
714 2120 862 2206 apostoli,
903 2118 994 2202 quasi
1026 2119 1059 2182 in
1092 2115 1321 2200 depositorium
1355 2116 1456 2199 dives,

257 2219 441 2304 plenissime
464 2223 497 2286 iu
521 2243 592 2288 eam
626 2222 819 2288 contulerint
851 2222 969 2302 omnia,
1005 2240 1088 2303 quae
1123 2218 1186 2283 sint
1218 2218 1374 2299 veritatis,
1410 2220 1456 2283 uti

258 2323 369 2406 omnis,
405 2325 596 2406 quicumque
620 2325 707 2405 velit,
743 2330 847 2390 sumat
881 2343 922 2388 ex
953 2343 992 2387 ea
1015 2327 1123 2407 petum
1148 2321 1245 2387 vitae.
1293 2321 1383 2386 Haec
1407 2327 1456 2386 est

258 2423 342 2488 enim
366 2425 453 2489 vitae
476 2425 635 2508 introitus,
660 2445 769 2490 omnes
792 2430 900 2489 autem
923 2423 1038 2505 reliqui
1061 2422 1150 2488 iures
1165 2429 1238 2487 sunt
1255 2428 1287 2486 et
1303 2424 1455 2489 latrones.

256 2525 393 2611 Propter
417 2527 502 2609 quod
525 2533 651 2612 oportet
674 2527 819 2593 devitare
848 2526 977 2609 quidem
1010 2526 1092 2608 illos,
1128 2544 1210 2608 quae
1242 2531 1350 2590 autem
1382 2533 1455 2590 sunt

257 2630 423 2713 ecelesiae,
458 2651 530 2696 cum
554 2651 676 2696 summa
701 2630 870 2715 diligentia
894 2629 1029 2712 diligere
1054 2634 1086 2694 et
1109 2627 1351 2712 adprehendere
1375 2630 1454 2694 veri·

256 2733 334 2797 tatis
357 2732 572 2799 traditionem.
620 2732 705 2811 Quid
729 2733 836 2798 enim?
883 2734 927 2797 Et
949 2733 977 2798 si
1002 2731 1043 2797 de
1066 2732 1175 2813 aliqua
1198 2730 1324 2796 modica
1358 2751 1455 2814 quae·

255 2836 359 2902 stione
375 2835 567 2921 disceptatio
583 2843 677 2919 esset,
694 2856 799 2902 nonne
815 2840 977 2921 oporteret
993 2835 1026 2899 in
1043 2835 1280 2916 antiquissimas
1291 2854 1455 2901 recurrere

256 2939 418 3024 ecelesias,
435 2941 467 3004 in
481 2939 596 3023 quibus
608 2941 745 3024 apostoli
762 2940 942 3005 conversati
958 2945 1042 3014 sunt,
1067 2945 1099 3004 et
1115 2938 1156 3002 ab
1173 2938 1219 3003 eis
1236 2937 1277 3002 de
1292 2939 1453 3022 praesenti

256 3042 443 3123 quaestione
458 3064 592 3126 sumere,
617 3042 701 3126 quod
714 3049 834 3108 certum
851 3049 883 3108 et
898 3062 933 3106 re
949 3042 1104 3123 liquidum
1118 3041 1210 3107 est?²
1234 3038 1317 3117 Quid
1335 3047 1453 3123 autem,

255 3145 282 3209 si
306 3164 408 3227 neque
432 3146 569 3230 apostoli
600 3145 729 3229 quidem
764 3145 939 3229 scripturas
973 3145 1176 3227 reliquissent
1211 3144 1313 3220 nobis,
1349 3164 1453 3210 nonne

255 3247 424 3331 oportebat
448 3248 592 3314 ordinem
607 3251 697 3332 sequi
713 3248 907 3330 traditionis,
932 3268 1027 3331 quam
1043 3246 1245 3312 tradiderunt
1265 3248 1314 3325 iis,
1339 3248 1453 3330 quibus

255 3350 487 3415 conmittebant
503 3351 680 3418 ecclesias?
720 3353 778 3418 Oui
796 3351 990 3417 ordinationi
1005 3349 1190 3416 adsentiunt
1205 3350 1324 3415 multae
1340 3357 1453 3434 gentes

253 3452 461 3517 barbarorum
495 3473 613 3536 eorum,
650 3455 703 3536 qui
733 3455 766 3519 in
797 3453 957 3520 Christum
991 3452 1136 3535 credunt,
1172 3453 1240 3518 sine
1272 3453 1385 3518 charta
1420 3462 1453 3519 et

254 3561 434 3621 atramento
473 3556 625 3641 scriptam
661 3556 816 3623 habentes
857 3577 916 3641 per
950 3555 1097 3641 spiritum
1133 3557 1165 3620 in
1202 3556 1352 3622 cordibus
1386 3558 1452 3621 suis

253 3657 388 3725 salutem
413 3667 444 3725 et
467 3667 608 3724 veterem
632 3658 836 3726 traditionem
860 3660 1033 3745 diligenter
1049 3658 1277 3741 custodientes,
1300 3660 1334 3723 in
1355 3680 1452 3725 unum

254 3759 349 3826 deum
373 3763 559 3830 credentes³
582 3763 809 3829 fabricatorem
838 3765 920 3829 caeli
945 3770 977 3828 et
1000 3770 1105 3828 terrae
1129 3769 1161 3828 et
1185 3763 1334 3845 omnium,
1368 3783 1450 3846 quae
1497 3820 1500 3827 .

252 3865 284 3927 in
310 3865 356 3929 eis
379 3873 462 3949 sunt,
492 3887 549 3952 per
572 3866 733 3933 Christum
757 3868 863 3932 lesum
887 3865 940 3930 dei
965 3866 1078 3930 filium.
1126 3864 1187 3943 oui
1220 3872 1352 3950 propter
1375 3866 1451 3930 emi-

252 3968 470 4034 nentissimam
496 3990 573 4054 erga
596 3969 785 4054 figmentum
814 3988 904 4033 suum
929 3967 1134 4034 dilectionem
1159 3987 1229 4032 eam
1250 3986 1332 4048 quae
1366 3975 1450 4033 esset

252 4088 293 4133 ex
316 4070 441 4154 virgine
465 4074 705 4155 generationem
732 4071 892 4153 sustinuit,
926 4070 996 4156 ipse
1029 4089 1087 4155 per
1115 4068 1275 4135 hominem
1305 4069 1450 4136 adunans

357 4278 465 4349 1Ερε,
484 4280 519 4334 H.
541 4296 565 4334 e.
586 4280 631 4334 III
650 4281 693 4349 23,
712 4281 737 4335 4.
845 4279 922 4334 21ta
951 4281 1042 4334 etiam
1061 4278 1151 4346 Tert,
1180 4277 1226 4334 De
1254 4294 1385 4349 praescr.
1405 4280 1448 4334 36.

250 4360 262 4397 3
281 4363 344 4417 Iam
363 4380 456 4435 supra
475 4364 519 4419 III
539 4366 563 4432 3,
584 4366 601 4419 2
619 4366 699 4420 idem
717 4368 781 4420 fere
800 4366 972 4435 symbolum
990 4364 1064 4420 fidei
1082 4366 1249 4434 proposuit.
