3584 5234
785 650 1001 707 ADPENDIX.
1459 653 1494 708 63

290 815 348 896 qui
379 832 505 896 quoquo
533 811 629 879 modo
659 813 711 879 vel
739 834 797 898 per
825 814 1103 899 sibiplaeentiam¹
1138 814 1255 880 malam
1291 814 1343 880 vel
1377 835 1493 880 vanem

293 916 427 998 gloriam
451 916 503 982 vel
526 936 584 1001 per
614 915 804 982 eaecitatem
833 924 866 982 et
893 917 1012 981 malam
1041 918 1234 982 sententiam
1269 923 1494 1001 praeterquam

289 1025 419 1104 oportet
436 1018 600 1102 conligunt
608 1022 630 1080 2.
667 1018 720 1083 Ad
737 1019 820 1105 hane
836 1020 921 1084 enim
938 1019 1107 1086 ecelesiam
1128 1025 1259 1105 propter
1281 1020 1493 1104 potentiorem

293 1121 587 1206 principalitatem³
619 1140 750 1187 neeesse
778 1127 827 1186 est
856 1140 981 1186 omnem
1010 1122 1181 1187 convenire
1217 1123 1397 1205 ecelesiam,
1434 1122 1494 1187 hoe

293 1230 341 1288 est
377 1242 432 1288 eos
461 1223 515 1305 qui
544 1230 618 1290 sunt
647 1222 788 1305 undique
816 1221 943 1304 fideles,
980 1223 1013 1289 in
1042 1243 1105 1305 qua
1129 1243 1255 1309 semper
1278 1224 1320 1290 ab
1344 1224 1404 1308 his,
1439 1225 1493 1308 qui

293 1333 366 1390 sunt
389 1324 540 1409 undique,
565 1330 754 1398 conservata
778 1331 826 1390 est
851 1345 900 1408 ea,
925 1345 1008 1408 quae
1032 1332 1080 1391 est
1096 1327 1137 1391 ab
1155 1327 1309 1411 apostolis
1326 1326 1458 1392 traditio
1467 1329 1492 1390 ⁴.
1531 1345 1533 1348 ·

337 1442 426 1521 2(3).
456 1441 730 1524 Θεμελιώσαντες5
750 1440 878 1505 οὖνκαὶ
951 1441 1055 1522 2(3).
1102 1441 1289 1507 Funduntes
1328 1441 1427 1526 igitur
1461 1448 1493 1507 et

293 1545 560 1628 οἰκοδομήσαντες
583 1547 613 1607 οί
627 1545 778 1627 μακάριοι
801 1543 878 1606 ἀπό·
906 1541 1101 1608 instruentes
1119 1544 1205 1608 beati
1229 1545 1368 1629 apostoli
1392 1544 1493 1610 ecele-

293 1647 395 1711 στολοι
417 1647 473 1730 τὴν
496 1647 672 1730 ἐκκλησίαν,
705 1646 794 1729 Λίνῳ
823 1645 879 1729 τὴν
907 1644 987 1710 siam
1009 1644 1092 1709 Lino
1116 1646 1336 1732 episeopatum
1360 1646 1493 1712 admini-

292 1756 346 1832 τῆς
356 1750 528 1833 ἐπισκοπῆς
538 1749 728 1832 λειτουργίαν
740 1749 878 1832 ε’νεχείρι-
906 1747 1058 1814 strandoe
1088 1748 1245 1814 eeclesiae
1280 1747 1492 1814 tradiderunt.

294 1869 365 1915 σαν·
398 1853 511 1915 τούτου
540 1856 596 1914 τοῦ
623 1850 723 1914 Λίνου
746 1849 878 1919 Παῦλος
907 1849 1010 1916 Huius
1034 1849 1106 1915 Lini
1130 1851 1248 1916 Paulus
1278 1852 1311 1915 in
1335 1851 1385 1918 his
1409 1871 1493 1934 quae

292 1954 326 2016 ἐν
341 1960 407 2024 ταῖς
429 1953 510 2036 πρὸς
532 1953 691 2036 Τιμόθεον
707 1953 878 2022 ἐπιστολαῖς
907 1958 979 2017 sunt
1018 1951 1060 2017 ad
1100 1952 1304 2018 Timotheum
1348 1954 1493 2039 epistulis

292 2057 455 2139 μέμνηται.
517 2057 696 2139 Διαόέχεται
752 2054 878 2119 ἀάὕτὸν
906 2056 1059 2120 meminit.
1121 2055 1275 2122 Succedit
1317 2063 1424 2121 autem
1463 2057 1492 2122 ei
1581 2051 1583 2056 ¹

292 2158 508 2245 Ἀνέγκλητος,
525 2158 602 2241 μετὰ
614 2165 725 2221 τοῦτον
739 2158 772 2222 δὲ
784 2159 878 2240 τρίτῳ
907 2157 1097 2240 Anaeletus3
1122 2165 1195 2244 post
1219 2178 1290 2224 eum
1307 2160 1402 2224 tertio
1419 2159 1490 2224 loeo

291 2261 380 2343 τόπῳ
410 2261 473 2325 ἀπὸ
507 2266 571 2325 τῶν
603 2260 790 2324 ἀποστόλων
823 2259 878 2342 την
906 2260 948 2326 ab
961 2261 1115 2346 apostolis
1129 2260 1350 2346 episcopatum
1362 2262 1494 2327 sortitur

292 2363 465 2446 ἐπισκοπὴν
510 2365 679 2446 πληροῦται
723 2363 878 2446 Κλήμης6
907 2362 1065 2446 Clemens,
1112 2363 1166 2446 qui
1206 2369 1238 2427 et
1280 2362 1363 2428 vidit
1405 2365 1493 2446 ipsos

294 2465 388 2545 όκαί
417 2465 563 2548 ἑορακὼς
597 2464 670 2535 τοὺς
698 2465 878 2548 μακαρίους
906 2466 1069 2549 apostolos
1092 2472 1125 2530 et
1154 2465 1308 2531 eontulit8
1340 2485 1411 2530 eum
1436 2467 1492 2548 eis,

291 2568 486 2638 ἀποστόλους
537 2568 590 2631 καί
647 2566 878 2650 συμβεβληκὼς
907 2574 1026 2633 etcum
1043 2566 1150 2633 adhue
1166 2568 1386 2633 insonantem⁹
1403 2587 1493 2652 prae-

293 2669 398 2740 αὐτοῖς
432 2669 485 2733 καί
512 2671 553 2735 ἔτι
580 2670 731 2734 ἔναυλον7
757 2669 793 2732 τό
819 2671 877 2752 κη-
906 2669 1101 2736 dieationem
1132 2670 1348 2755 apostolorum
1373 2677 1405 2735 et
1428 2676 1492 2736 tra-

292 2795 398 2855 ρυγμα
432 2779 497 2837 τῶν
532 2771 717 2836 ἀποστόλων
747 2772 800 2835 καί
822 2770 878 2855 τὴν
907 2771 1061 2838 ditionem
1096 2778 1170 2837 ante
1205 2771 1314 2837 oeulos
1348 2772 1491 2849 haberet,

290 2875 467 2955 παράδοσιν
489 2874 553 2957 πρὸ
577 2875 759 2956 ὀφθαλμῶν
782 2876 877 2958 ἔχων,
906 2895 969 2940 non
1004 2875 1106 2958 solum
1143 2873 1250 2939 adhue
1286 2875 1369 2939 enim
1402 2875 1492 2939 multi

293 2978 331 3039 οὐ
353 2976 469 3059 μόνος·
495 2979 536 3041 ἔτι
559 2976 619 3059 γὰρ
635 2978 745 3041 πολλοί
764 2978 879 3041 όπελεί·
906 2985 1094 3063 supererant
1139 2983 1215 3042 tune
1253 2978 1294 3042 ab
1339 2977 1493 3062 apostolis

290 3101 388 3142 ποντα
423 3079 491 3143 τότε
514 3078 577 3142 ὑπὸ
601 3085 665 3143 τῶν
693 3080 878 3144 ἀποστόλων
907 3080 1004 3146 docti.
1033 3078 1100 3145 Sub
1117 3079 1179 3145 hoe
1198 3081 1298 3163 igitur
1314 3079 1492 3168 Clemente,

294 3179 518 3262 δεδιδαγμένοι.
565 3181 639 3244 Ἐπί
673 3184 785 3250 τούτου
820 3181 877 3247 οὖν
907 3182 1103 3248 dissensione
1119 3202 1182 3248 non
1198 3181 1326 3248 modica
1343 3181 1493 3248 intereos

291 3287 347 3344 τοῦ
359 3282 542 3364 Κλήμεντος
554 3286 692 3355 στάσεως
705 3287 765 3348 οὐκ
773 3285 878 3369 ὀλίγης
907 3285 961 3369 qui
975 3283 1119 3350 Corinthi
1136 3291 1242 3350 essent
1258 3285 1376 3351 fratres
1391 3284 1491 3367 laetu,

290 3389 356 3453 τοῖς
379 3385 411 3446 ἒν
427 3385 583 3471 Κορίνθῳ
606 3388 776 3470 γενομένης
791 3388 877 3451 ἀάελ-
906 3387 1034 3472 scripsit
1051 3406 1134 3468 quae
1151 3391 1199 3452 est
1216 3386 1338 3452 Romae
1354 3386 1493 3452 eeclesia

291 3493 375 3568 φοῖς,
400 3487 568 3550 ἐπέστειλεν
590 3489 609 3571 ἡ
635 3489 668 3552 ἓν
691 3489 804 3574 Ῥώμη
829 3492 876 3554 ἐκ·
906 3488 1145 3575 potentissimae
1168 3488 1492 3581 litteraleorinthiis

399 3706 411 3744 ¹
430 3708 618 3777 αὐταρεσκείαν
638 3709 791 3765 Thiersoh.
900 3707 1011 3780 2πσρδ
1029 3712 1073 3764 δεῖ
1087 3711 1252 3780 συνάγουσιν.
1353 3707 1366 3746 3
1384 3707 1426 3762 διὰ
1445 3708 1493 3778 τὴν

291 3794 499 3862 διαφορωτέραν·
509 3793 595 3863 ἀρχήν
614 3793 749 3864 Harvey,
769 3795 812 3849 διὰ
830 3795 858 3849 τὸ
871 3796 1004 3865 ἐξαίρετον
1022 3805 1152 3865 πρωτεῖον
1171 3794 1343 3852 Salmasius.
1415 3790 1492 3848 4De

292 3877 348 3930 hae
368 3879 517 3933 sententia
537 3879 590 3932 cfr.
609 3877 752 3932 Harnaek
773 3880 817 3937 in:
837 3877 1119 3950 Sitzungsberiehte
1139 3879 1192 3934 der
1206 3880 1268 3948 kgl.
1282 3892 1398 3948 preuss.
1411 3875 1492 3930 Ake·

292 3961 390 4016 demie
409 3962 463 4016 der
476 3961 572 4028 Wiss.,
592 3961 689 4016 Berol.
709 3962 788 4031 1893,
801 3963 960 4032 seo-9553
978 3963 1076 4031 Funk,
1095 3963 1331 4033 Kirehengesoh.
1350 3960 1493 4015 Abhnnd·

291 4046 406 4115 lungen
420 4046 441 4113 1,
460 4046 590 4101 Pederb.
605 4046 683 4106 1897,
705 4046 817 4102 12-23.
873 4045 885 4084 ⁵
904 4048 982 4117 Eus,
996 4049 1072 4103 Hist.
1087 4063 1112 4103 e.
1126 4047 1152 4103 V
1165 4048 1190 4116 6,
1204 4047 1283 4101 1-3.
1355 4043 1368 4082 ⁶
1388 4045 1491 4098 &Tim

290 4130 317 4198 4,
336 4131 378 4184 21.
453 4127 465 4166 Ἰ
482 4129 521 4184 At
539 4130 629 4200 Tere,
649 4130 695 4185 De
713 4147 843 4201 praescr.
863 4133 899 4187 32
918 4135 975 4187 ita:
994 4135 1072 4188 sieut
1090 4133 1294 4187 Romanorum
1307 4130 1491 4186 Clementem

291 4230 309 4268 a
328 4214 418 4270 Petro
439 4216 620 4270 ordinatum.
693 4213 705 4252 ⁸
723 4217 741 4270 i.
762 4232 787 4272 e.
806 4232 989 4287 congressus
1008 4222 1060 4274 est.
1164 4215 1176 4252 ⁹
1193 4221 1333 4272 recenter
1351 4217 1383 4269 in
1401 4230 1492 4271 aures

291 4299 488 4356 insonantem.
