3584 5234
745 694 961 753 ADPENDIX.
1422 695 1459 750 69

251 859 298 922 λιν
332 858 625 943 ἐξομολογούμενος
635 861 657 942 ¹,
690 858 764 924 ποτὲ
806 859 840 924 δὲ
868 864 974 926 tenter
1004 857 1133 942 docens,
1166 857 1262 924 modo
1295 878 1371 925 vero
1404 878 1458 924 ox·

253 961 457 1045 ἒλεγχόμενος
480 961 581 1045 ἒφόῖς
601 963 763 1027 ἐδίδασκεν
786 987 840 1027 κα·
869 963 1093 1047 homoiogesin
1108 961 1243 1040 faciens,
1267 959 1363 1026 modo
1380 980 1456 1027 vero

252 1069 333 1146 κῶς,
367 1063 421 1127 καὶ
452 1063 664 1147 ἀφιστάμενος
697 1073 754 1149 τῆς
776 1070 841 1129 τῶν
870 1066 912 1130 ab
948 1065 1110 1148 aliquibus
1143 1063 1311 1130 traductus
1341 1063 1375 1128 in
1407 1062 1459 1128 his

253 1166 403 1249 ἀδελφῶν
426 1169 606 1241 συνοδίαςῖ.
870 1187 954 1251 quac
971 1167 1111 1233 docebat
1125 1167 1222 1251 male,
1246 1171 1279 1232 et
1292 1166 1458 1232 abstentus

869 1274 919 1336 cst
962 1291 982 1335 a
1027 1270 1250 1355 religiosorum
1296 1268 1458 1334 hominum

869 1376 1040 1438 conventu.

361 1487 391 1552 3.
438 1488 581 1553 Marcion
611 1493 718 1553 autem
751 1487 798 1553 iili
833 1486 1011 1554 succedens
1046 1487 1181 1554 invaluit
1214 1487 1274 1555 sub
1308 1485 1458 1570 Aniceto,

255 1586 413 1653 decimum
442 1589 548 1655 locum
572 1591 778 1674 episcopatus
803 1589 1019 1658 continente³.
1067 1588 1197 1672 Reliqui
1228 1608 1306 1654 vero
1330 1589 1384 1671 qui
1407 1608 1460 1654 vo-

256 1697 368 1755 cantur
399 1692 539 1775 gnostici
563 1713 583 1756 e
605 1690 783 1756 Menandro
806 1690 947 1758 Simonis
983 1689 1154 1776 discipulo,
1191 1689 1459 1774 quemadmodum

256 1791 462 1876 ostendimus,
493 1792 691 1878 accipientes
714 1793 817 1875 initio,
853 1794 1072 1876 unusquisque
1095 1813 1216 1877 eorum,
1250 1794 1340 1859 cuius
1363 1792 1460 1879 parti·

258 1895 384 1979 cipetus
401 1902 450 1961 est
466 1896 653 1970 sententiae,
677 1896 746 1962 cius
769 1901 801 1961 et
824 1900 917 1981 pater
933 1902 966 1960 et
982 1896 1117 1962 antistes
1133 1894 1294 1981 adparuit.
1341 1894 1460 1961 Omnes

256 2002 362 2062 eutem
378 1996 411 2061 hi
427 1998 527 2064 multo
545 1997 714 2083 posterius,
738 1997 956 2064 mediantibus
981 1999 1045 2063 iom
1066 1998 1223 2065 ecclesiae
1251 1997 1459 2084 temporibus,

256 2100 495 2166 insurrexerunt
520 2100 553 2166 in
576 2121 667 2167 suam
690 2102 876 2188 apostosim.

363 2307 374 2344 1
393 2308 469 2364 Inde
487 2311 642 2380 conligere
661 2310 739 2379 licet,
758 2310 790 2363 in
809 2311 971 2365 haereseos
991 2309 1116 2364 crimine
1135 2310 1288 2365 secundae
1307 2314 1460 2366 tunccon·

256 2394 379 2447 sessioni
407 2399 437 2448 et
461 2395 667 2464 paenitentiae
695 2394 795 2449 locum
819 2395 922 2449 fuisse.
1045 2392 1145 2464 ²Ipse
1164 2395 1259 2466 igitur
1279 2397 1400 2465 penitus
1419 2397 1458 2451 ab

257 2478 384 2532 ecclesia
403 2480 534 2533 recessit.
646 2476 658 2515 ⁸
677 2477 737 2534 Cfr.
761 2494 855 2549 supra
873 2477 919 2534 III
938 2478 963 2547 3,
982 2479 1013 2533 3:
1031 2479 1192 2550 ‘deinceps
1210 2479 1363 2550 Hyginus,
1391 2485 1459 2552 post

257 2563 337 2629 Pius,
356 2568 425 2632 post
444 2578 534 2633 quem
553 2562 724 2618 Anicetus'.
