3584 5234
283 668 319 722 24
421 668 474 724 DE
493 668 826 727 PRAESCRIPTIONE
845 670 1155 731 HAERETICORUM
1173 674 1246 729 XIII
1265 675 1343 731 1-5.

284 925 376 991 XIII.
403 926 533 1012 Regula
548 925 628 1011 fidei
641 927 856 1010 proponitur,
880 928 931 992 ‘at
954 928 1023 992 ium
1039 928 1125 1010 hinc,
1150 929 1233 1012 quid
1248 929 1480 1014 defendamus,

755 1029 1004 1115 profiteamur’.

390 1185 517 1268 Regula
540 1192 590 1251 est
613 1194 719 1251 autem
743 1185 854 1268 fidei1,
887 1186 1010 1251 utiam
1039 1186 1123 1269 hinc,
1158 1187 1235 1270 quid
1259 1187 1479 1269 defendamus,

284 1289 505 1373 profiteamur,
529 1289 607 1353 illa²
629 1289 762 1363 scilicet,
787 1309 850 1371 qua
874 1288 1030 1354 creditur:

390 1417 403 1455 r
427 1411 521 1456 unum
546 1392 673 1456 omnino
697 1389 792 1456 deum
816 1412 886 1458 esse
916 1413 975 1456 nee
1005 1392 1102 1457 alium
1125 1399 1253 1478 praeter
1277 1392 1386 1457 mundi
1410 1413 1481 1458 con-

284 1491 454 1576 ditoremb,
489 1494 543 1577 qui
570 1494 719 1559 universa
743 1493 784 1559 de
815 1494 914 1560 nihilo
943 1494 1132 1575 produxerit
1155 1515 1213 1580 per
1237 1495 1368 1560 verbum
1392 1515 1481 1560 suum

283 1597 385 1682 primo
402 1598 542 1662 omnium
559 1597 743 1678 emissum⁰;
789 1622 802 1661 a
825 1596 860 1661 id
876 1599 1009 1664 verbum
1033 1594 1158 1662 filiumll
1182 1598 1249 1663 eius
1273 1597 1481 1683 adpellatum,

282 1700 466 1765 innomine
495 1699 548 1765 dei
580 1701 667 1764 varie
700 1701 801 1766 visum
835 1700 1058 1786 patriarchiae,
1093 1702 1126 1765 in
1158 1701 1323 1786 prophetis
1356 1720 1483 1785 semper

285 1802 438 1885 auditum,
475 1809 635 1888 postremo
668 1802 810 1869 delatum
840 1824 880 1869 ex
911 1805 1024 1889 spiritu
1048 1804 1150 1889 patris
1174 1804 1228 1869 dei
1251 1811 1284 1870 et
1308 1804 1426 1870 virtute
1449 1806 1482 1868 in

285 1906 442 1988 virginem
466 1906 612 1987 Mariam,
636 1925 764 1971 carnem
788 1906 911 1971 factum
927 1903 980 1971 inf
1000 1914 1091 1973 utero
1109 1909 1177 1973 eius
1200 1913 1232 1972 et
1254 1928 1295 1972 ex
1317 1927 1356 1972 ea
1371 1913 1483 1972 natum

282 2009 430 2091 egisses2
454 2009 559 2073 Iesum
584 2007 760 2090 Christum,
783 2035 796 2072 r
820 2008 937 2074 exinde
960 2009 1166 2094 praedicasse
1189 2031 1305 2076 novam
1328 2011 1434 2094 legem
1451 2018 1483 2075 et

284 2131 400 2176 novam
441 2111 682 2195 promissionem
717 2111 808 2194 regni
843 2111 1014 2193 caelorum,
1056 2112 1190 2178 virtutes
1224 2112 1352 2189 fecisse,
1394 2113 1481 2178 cruci

283 2210 416 2296 fixumh,
450 2215 545 2278 tertia
578 2212 631 2278 die
659 2215 884 2301 resurrexisse3
920 2216 953 2279 in
982 2215 1088 2281 caelos
1116 2221 1259 2300 ereptum
1287 2215 1409 2281 sedisse
1439 2214 1482 2281 ad

281 2315 449 2382 dexteram
482 2318 600 2402 patris,
634 2317 794 2382 omisisse
826 2319 981 2383 vicariam
1017 2320 1081 2384 vim
1116 2319 1247 2403 spiritus
1279 2319 1394 2400 sancti,
1429 2319 1483 2402 qui

284 2420 451 2485 credentes
475 2426 567 2503 agat3
591 2425 758 2484 venturum
784 2439 855 2485 cum
880 2421 1029 2487 claritate
1052 2420 1096 2486 ad
1118 2420 1289 2486 sumendos
1305 2427 1434 2487 sanctos
1449 2422 1483 2486 in

283 2521 371 2588 vitae
387 2530 540 2588 aeternae
556 2526 588 2586 et
603 2522 830 2605 promissorum
847 2523 1034 2589 caelestium
1050 2522 1200 2607 fructum,
1222 2530 1255 2588 et
1270 2521 1312 2587 ad
1329 2522 1482 2607 profanos

282 2624 473 2691 iudicandos
505 2624 573 2707 igni
596 2630 762 2708 perpetuo,
793 2624 884 2690 facta
907 2627 1072 2709 utriusque
1094 2626 1214 2710 partis3
1238 2626 1483 2691 resuscitatione

282 2747 353 2793 cum
378 2728 483 2793 earnis
506 2727 716 2792 restitutione.

444 2929 459 2960 ²
478 2917 550 2974 illac
568 2921 604 2974 A.
694 2920 896 2975 bcreatorem
916 2923 944 2974 et
962 2917 1149 2976 conditorem
1167 2919 1196 2975 S.
1287 2915 1482 2973 edemiosum

375 3028 378 3033 ·
442 3002 497 3058 Ao.
642 3004 658 3047 (1
686 3004 771 3076 filias
791 3004 860 3061 Sab.
998 3006 1077 3058 eita
1095 3003 1151 3072 Ao,
1168 3001 1360 3073 patriarchis
1380 3003 1480 3056 ceteri.

442 3087 499 3144 fet
517 3088 552 3144 in
570 3090 605 3144 A.
716 3093 794 3144 sita
814 3088 918 3150 ALSa,
937 3088 1088 3145 hominem
1116 3090 1143 3142 et
1171 3103 1234 3142 csse
1262 3088 1309 3153 bc,
1336 3085 1435 3141 exisse
1464 3102 1481 3141 o

443 3192 512 3231 cum
530 3176 639 3231 Fulvio
661 3176 777 3244 Ursino,
796 3191 858 3232 cose
878 3192 923 3245 pr.
996 3172 1077 3228 hita
1089 3172 1145 3240 Ao,
1163 3173 1262 3242 mum
1274 3171 1360 3226 cruci
1379 3173 1481 3226 ceteri.

391 3322 540 3391 ¹Regula
559 3324 640 3385 fidei,
670 3338 749 3392 quae
768 3337 921 3390 nusquam
944 3337 963 3374 a
982 3320 1169 3375 Tertulliano
1201 3318 1371 3388 symbolum
1400 3319 1482 3372 dicto

283 3413 328 3463 cst
346 3409 414 3470 (etsi
433 3407 510 3461 Adv.
530 3407 621 3461 Marc.
640 3406 700 3461 Vl
729 3423 791 3461 vox
811 3405 1010 3475 ‘symbolum’
1038 3405 1189 3474 occurrit),
1219 3405 1310 3459 etiam
1328 3403 1375 3459 De
1403 3406 1481 3472 virg.

284 3492 343 3548 vel.
362 3494 377 3545 1
398 3498 428 3547 et
446 3492 525 3546 Adv.
549 3492 675 3545 Prax.2
702 3491 828 3561 legitur3
857 3492 996 3545 omnibus
1028 3491 1110 3545 hisce
1137 3490 1211 3545 locis
1240 3489 1358 3555 desunt,
1387 3495 1421 3543 ut
1450 3490 1481 3541 in

283 3578 389 3632 vetere
417 3576 554 3645 symbolo
575 3575 721 3641 Romano,
753 3575 918 3630 descensus
946 3575 985 3629 ad
1014 3575 1129 3628 inferos
1157 3580 1187 3628 et
1210 3578 1383 3629 sanctorum
1402 3588 1481 3627 com-

283 3661 402 3730 munio,
422 3662 513 3715 etiam
532 3664 638 3714 sancto
658 3660 786 3714 ecclesia
804 3665 835 3714 et
854 3660 990 3714 remissio
1010 3667 1213 3729 peccatorum,
1243 3673 1322 3727 quae
1347 3659 1379 3711 in
1405 3673 1482 3726 sym-

178 3798 182 3807 ,
281 3746 352 3801 bolo
370 3746 507 3800 Romano
528 3748 807 3810 commemorantur,
828 3744 912 3814 apud
930 3743 1150 3799 Tertullianum
1175 3744 1394 3798 desiderantur.
1435 3741 1482 3797 De

282 3844 414 3900 praescr.
434 3830 468 3884 36
487 3827 649 3883 Africanos
668 3827 840 3897 symbolum
858 3828 898 3882 ob
922 3827 1051 3882 ecclesia
1068 3827 1205 3881 Romana
1233 3831 1386 3881 mutuatos
1415 3841 1481 3881 csse

283 3914 364 3968 Tert.
392 3915 477 3968 testis
505 3915 559 3967 est.
597 3911 729 3967 Similem
757 3912 886 3981 symboli
914 3913 1042 3967 formam
1071 3926 1108 3965 oc
1136 3910 1217 3966 Tert.
1240 3911 1356 3980 profert
1381 3926 1404 3965 s.
1424 3911 1482 3966 Ire·

283 4013 389 4066 naeus,
417 3998 495 4052 Adv.
522 3996 713 4065 heer.1114‚
737 3997 763 4051 2.
800 3997 917 4053 Nomen
943 3998 1071 4066 symboli
1099 3997 1226 4066 regulae
1253 3995 1327 4050 fidei
1351 3998 1482 4065 primum

285 4084 388 4139 datum
408 4089 490 4138 esta
510 4098 532 4137 s.
552 4081 705 4151 Cypriane
725 4082 842 4152 (spes,
862 4082 891 4149 ῖς
912 4082 1017 4136 Hartel
1035 4081 1066 4135 ΙΙ
1084 4082 1148 4147 ise)
1168 4083 1199 4135 et
1218 4079 1351 4150 Origene
1364 4082 1427 4151 (Ep.
1441 4082 1482 4136 ad

282 4167 376 4234 Rom,
395 4168 445 4221 lib.
465 4166 520 4221 VII
540 4183 563 4221 c.
584 4167 631 4236 193
651 4166 753 4238 Migne
772 4167 804 4221 P.
824 4183 869 4237 gr.
897 4167 940 4233 14,
964 4166 1052 4229 1154).
1181 4162 1193 4200 2
1220 4165 1322 4235 Agere
1350 4166 1482 4235 aliquem

284 4267 376 4321 saepe
395 4253 562 4322 significat:
582 4267 744 4322 personam
764 4253 892 4307 alicuius
911 4251 1040 4306 induere
1059 4265 1114 4306 seu
1127 4255 1230 4320 partes
1240 4265 1342 4320 agere.
1422 4248 1482 4305 let

284 4336 449 4391 electorum
468 4343 497 4391 et
514 4337 724 4406 reproborum.
