<?xml version="1.0" encoding="UTF-8"?>
<!DOCTYPE html PUBLIC "-//W3C//DTD XHTML 1.0 Transitional//EN"
    "http://www.w3.org/TR/xhtml1/DTD/xhtml1-transitional.dtd">
<html xmlns="http://www.w3.org/1999/xhtml" xml:lang="en" lang="en">
 <head>
  <title>
</title>
<meta http-equiv="Content-Type" content="text/html;charset=utf-8" />
  <meta name='ocr-system' content='tesseract 3.04.00' />
  <meta name='ocr-capabilities' content='ocr_page ocr_carea ocr_par ocr_line ocrx_word'/>
</head>
<body>
  <div class='ocr_page' id='page_1' title='image "./tertullianilibe00irengoog_0007.png"; bbox 0 0 3584 5234; ppageno 0'>
   <div class='ocr_carea' id='block_1_1' title="bbox 687 1627 1101 1706">
    <p class='ocr_par' dir='ltr' id='par_1_1' title="bbox 687 1627 1101 1706">
     <span class='ocr_line' id='line_1_1' title="bbox 687 1627 1101 1706; baseline 0.01 -4"><span class='ocrx_word' id='word_1_1' title='bbox 687 1627 1101 1706; x_wconf 79' lang='lat' dir='ltr'><strong>PROLEGOMENA.</strong></span> 
     </span>
    </p>
   </div>
   <div class='ocr_carea' id='block_1_2' title="bbox 414 1879 1372 1959">
    <p class='ocr_par' dir='ltr' id='par_1_2' title="bbox 414 1879 1372 1959">
     <span class='ocr_line' id='line_1_2' title="bbox 414 1879 1372 1959; baseline 0.004 -17"><span class='ocrx_word' id='word_1_2' title='bbox 414 1882 433 1959; x_wconf 67' lang='grc' dir='ltr'>ξ</span> <span class='ocrx_word' id='word_1_3' title='bbox 460 1882 488 1944; x_wconf 89' lang='grc'><strong>1.</strong></span> <span class='ocrx_word' id='word_1_4' title='bbox 536 1879 594 1943; x_wconf 83' lang='lat' dir='ltr'><strong>DE</strong></span> <span class='ocrx_word' id='word_1_5' title='bbox 619 1879 925 1948; x_wconf 82' lang='lat' dir='ltr'><strong>TERTULLIANI</strong></span> <span class='ocrx_word' id='word_1_6' title='bbox 949 1881 1055 1945; x_wconf 85' lang='lat' dir='ltr'>VITA</span> <span class='ocrx_word' id='word_1_7' title='bbox 1078 1881 1136 1944; x_wconf 84' lang='lat' dir='ltr'><strong>ET</strong></span> <span class='ocrx_word' id='word_1_8' title='bbox 1162 1880 1372 1946; x_wconf 83' lang='lat' dir='ltr'><strong>SORIPTIS.</strong></span> 
     </span>
    </p>
   </div>
   <div class='ocr_carea' id='block_1_3' title="bbox 290 2007 1494 4224">
    <p class='ocr_par' dir='ltr' id='par_1_3' title="bbox 291 2007 1494 3317">
     <span class='ocr_line' id='line_1_3' title="bbox 404 2007 1494 2093; baseline 0.001 -20"><span class='ocrx_word' id='word_1_9' title='bbox 404 2011 432 2073; x_wconf 92' lang='lat'><strong>1.</strong></span> <span class='ocrx_word' id='word_1_10' title='bbox 469 2007 603 2086; x_wconf 79' lang='lat' dir='ltr'><strong>Quintus</strong></span> <span class='ocrx_word' id='word_1_11' title='bbox 627 2007 802 2093; x_wconf 81' lang='lat' dir='ltr'>Septimius</span> <span class='ocrx_word' id='word_1_12' title='bbox 825 2009 960 2074; x_wconf 86' lang='lat' dir='ltr'><strong>Florens</strong></span> <span class='ocrx_word' id='word_1_13' title='bbox 991 2010 1220 2074; x_wconf 69' lang='lat' dir='ltr'><em>Tertullianus</em></span> <span class='ocrx_word' id='word_1_14' title='bbox 1256 2009 1343 2075; x_wconf 86' lang='lat' dir='ltr'><strong>circa</strong></span> <span class='ocrx_word' id='word_1_15' title='bbox 1376 2031 1494 2075; x_wconf 88' lang='lat' dir='ltr'><strong>annum</strong></span> 
     </span>
     <span class='ocr_line' id='line_1_4' title="bbox 296 2111 1494 2197; baseline 0.001 -20"><span class='ocrx_word' id='word_1_16' title='bbox 296 2113 360 2178; x_wconf 78' lang='lat'><strong>160</strong></span> <span class='ocrx_word' id='word_1_17' title='bbox 383 2134 415 2197; x_wconf 89' lang='lat' dir='ltr'><strong>p.</strong></span> <span class='ocrx_word' id='word_1_18' title='bbox 433 2111 507 2178; x_wconf 82' lang='lat' dir='ltr'><strong>Chr.</strong></span> <span class='ocrx_word' id='word_1_19' title='bbox 525 2111 720 2195; x_wconf 82' lang='lat' dir='ltr'><strong>Carthagine</strong></span> <span class='ocrx_word' id='word_1_20' title='bbox 744 2118 838 2176; x_wconf 88' lang='lat' dir='ltr'><strong>natus</strong></span> <span class='ocrx_word' id='word_1_21' title='bbox 861 2120 910 2177; x_wconf 91' lang='lat' dir='ltr'><strong>est</strong></span> <span class='ocrx_word' id='word_1_22' title='bbox 926 2112 1014 2178; x_wconf 82' lang='lat' dir='ltr'><strong>tilius</strong></span> <span class='ocrx_word' id='word_1_23' title='bbox 1036 2112 1232 2178; x_wconf 82' lang='lat' dir='ltr'>centurionis</span> <span class='ocrx_word' id='word_1_24' title='bbox 1249 2113 1494 2196; x_wconf 85' lang='lat' dir='ltr'><strong>proconsularis.</strong></span> 
     </span>
     <span class='ocr_line' id='line_1_5' title="bbox 294 2213 1493 2298; baseline 0.001 -19"><span class='ocrx_word' id='word_1_25' title='bbox 294 2215 494 2280; x_wconf 76' lang='lat' dir='ltr'><strong>Adulescens</strong></span> <span class='ocrx_word' id='word_1_26' title='bbox 516 2215 703 2298; x_wconf 89' lang='lat' dir='ltr'><strong>praeclarae</strong></span> <span class='ocrx_word' id='word_1_27' title='bbox 727 2213 844 2280; x_wconf 89' lang='lat' dir='ltr'><strong>indolis</strong></span> <span class='ocrx_word' id='word_1_28' title='bbox 868 2215 1046 2297; x_wconf 82' lang='lat' dir='ltr'><strong>litterisque</strong></span> <span class='ocrx_word' id='word_1_29' title='bbox 1070 2235 1140 2280; x_wconf 89' lang='lat' dir='ltr'><strong>cum</strong></span> <span class='ocrx_word' id='word_1_30' title='bbox 1158 2214 1285 2298; x_wconf 87' lang='lat' dir='ltr'><strong>graecis</strong></span> <span class='ocrx_word' id='word_1_31' title='bbox 1301 2221 1368 2279; x_wconf 95' lang='lat' dir='ltr'><strong>tum</strong></span> <span class='ocrx_word' id='word_1_32' title='bbox 1384 2215 1493 2280; x_wconf 88' lang='lat' dir='ltr'><strong>latinis</strong></span> 
     </span>
     <span class='ocr_line' id='line_1_6' title="bbox 295 2315 1494 2400; baseline 0 -18"><span class='ocrx_word' id='word_1_33' title='bbox 295 2317 498 2383; x_wconf 87' lang='lat' dir='ltr'><strong>doctissimus</strong></span> <span class='ocrx_word' id='word_1_34' title='bbox 514 2315 722 2398; x_wconf 84' lang='lat' dir='ltr'><strong>aliquamdiu,</strong></span> <span class='ocrx_word' id='word_1_35' title='bbox 747 2323 781 2380; x_wconf 93' lang='lat' dir='ltr'><strong>ut</strong></span> <span class='ocrx_word' id='word_1_36' title='bbox 805 2316 943 2399; x_wconf 87' lang='lat' dir='ltr'><strong>videtur,</strong></span> <span class='ocrx_word' id='word_1_37' title='bbox 968 2337 1082 2382; x_wconf 89' lang='lat' dir='ltr'><strong>causas</strong></span> <span class='ocrx_word' id='word_1_38' title='bbox 1105 2318 1138 2380; x_wconf 92' lang='lat' dir='ltr'><strong>in</strong></span> <span class='ocrx_word' id='word_1_39' title='bbox 1153 2315 1225 2380; x_wconf 82' lang='lat' dir='ltr'><strong>foro</strong></span> <span class='ocrx_word' id='word_1_40' title='bbox 1242 2319 1319 2400; x_wconf 88' lang='lat' dir='ltr'><strong>egit,</strong></span> <span class='ocrx_word' id='word_1_41' title='bbox 1344 2317 1494 2382; x_wconf 88' lang='lat' dir='ltr'><strong>sedante</strong></span> 
     </span>
     <span class='ocr_line' id='line_1_7' title="bbox 294 2417 1494 2504; baseline -0.002 -20"><span class='ocrx_word' id='word_1_42' title='bbox 294 2441 408 2484; x_wconf 90' lang='lat' dir='ltr'><strong>annum</strong></span> <span class='ocrx_word' id='word_1_43' title='bbox 436 2420 497 2483; x_wconf 76' lang='lat'><strong>197</strong></span> <span class='ocrx_word' id='word_1_44' title='bbox 524 2419 641 2483; x_wconf 85' lang='lat' dir='ltr'><strong>Christi</strong></span> <span class='ocrx_word' id='word_1_45' title='bbox 670 2417 770 2482; x_wconf 82' lang='lat' dir='ltr'><strong>tidem</strong></span> <span class='ocrx_word' id='word_1_46' title='bbox 795 2419 962 2503; x_wconf 85' lang='lat' dir='ltr'><strong>amplexus</strong></span> <span class='ocrx_word' id='word_1_47' title='bbox 989 2419 1248 2504; x_wconf 88' lang='lat' dir='ltr'><strong>presbyteratum</strong></span> <span class='ocrx_word' id='word_1_48' title='bbox 1272 2419 1352 2500; x_wconf 90' lang='lat' dir='ltr'><strong>iniit,</strong></span> <span class='ocrx_word' id='word_1_49' title='bbox 1387 2439 1494 2501; x_wconf 88' lang='lat' dir='ltr'><strong>quam·</strong></span> 
     </span>
     <span class='ocr_line' id='line_1_8' title="bbox 294 2518 1493 2605; baseline 0 -20"><span class='ocrx_word' id='word_1_50' title='bbox 294 2542 388 2605; x_wconf 91' lang='lat' dir='ltr'><strong>quam</strong></span> <span class='ocrx_word' id='word_1_51' title='bbox 411 2540 541 2585; x_wconf 84' lang='lat' dir='ltr'><strong>uxorem</strong></span> <span class='ocrx_word' id='word_1_52' title='bbox 568 2519 713 2584; x_wconf 86' lang='lat' dir='ltr'><strong>duxerat.</strong></span> <span class='ocrx_word' id='word_1_53' title='bbox 761 2518 887 2584; x_wconf 89' lang='lat' dir='ltr'><strong>Deinde</strong></span> <span class='ocrx_word' id='word_1_54' title='bbox 911 2522 944 2584; x_wconf 94' lang='lat' dir='ltr'><strong>in</strong></span> <span class='ocrx_word' id='word_1_55' title='bbox 973 2519 1042 2584; x_wconf 87' lang='lat' dir='ltr'><strong>fide</strong></span> <span class='ocrx_word' id='word_1_56' title='bbox 1076 2521 1251 2585; x_wconf 88' lang='lat' dir='ltr'><strong>christiana</strong></span> <span class='ocrx_word' id='word_1_57' title='bbox 1287 2519 1493 2586; x_wconf 87' lang='lat' dir='ltr'><strong>defendenda</strong></span> 
     </span>
     <span class='ocr_line' id='line_1_9' title="bbox 294 2621 1490 2708; baseline -0.003 -19"><span class='ocrx_word' id='word_1_58' title='bbox 294 2644 418 2690; x_wconf 89' lang='lat' dir='ltr'><strong>omnem</strong></span> <span class='ocrx_word' id='word_1_59' title='bbox 443 2621 624 2687; x_wconf 87' lang='lat' dir='ltr'><strong>conlocavit</strong></span> <span class='ocrx_word' id='word_1_60' title='bbox 647 2642 789 2706; x_wconf 88' lang='lat' dir='ltr'><strong>operam,</strong></span> <span class='ocrx_word' id='word_1_61' title='bbox 815 2621 922 2704; x_wconf 88' lang='lat' dir='ltr'><strong>quoad</strong></span> <span class='ocrx_word' id='word_1_62' title='bbox 945 2624 1041 2708; x_wconf 90' lang='lat' dir='ltr'><strong>paulo</strong></span> <span class='ocrx_word' id='word_1_63' title='bbox 1065 2630 1138 2707; x_wconf 91' lang='lat' dir='ltr'><strong>post</strong></span> <span class='ocrx_word' id='word_1_64' title='bbox 1168 2643 1284 2688; x_wconf 89' lang='lat' dir='ltr'><strong>annum</strong></span> <span class='ocrx_word' id='word_1_65' title='bbox 1316 2625 1382 2688; x_wconf 97' lang='grc'><strong>200</strong></span> <span class='ocrx_word' id='word_1_66' title='bbox 1405 2625 1490 2689; x_wconf 91' lang='lat' dir='ltr'><strong>Mon-</strong></span> 
     </span>
     <span class='ocr_line' id='line_1_10' title="bbox 294 2723 1492 2811; baseline 0 -20"><span class='ocrx_word' id='word_1_67' title='bbox 294 2726 361 2792; x_wconf 87' lang='lat' dir='ltr'><strong>tani</strong></span> <span class='ocrx_word' id='word_1_68' title='bbox 386 2731 493 2810; x_wconf 84' lang='lat' dir='ltr'><strong>purtes</strong></span> <span class='ocrx_word' id='word_1_69' title='bbox 517 2731 646 2788; x_wconf 90' lang='lat' dir='ltr'><strong>secutus</strong></span> <span class='ocrx_word' id='word_1_70' title='bbox 669 2725 702 2787; x_wconf 91' lang='lat' dir='ltr'><strong>in</strong></span> <span class='ocrx_word' id='word_1_71' title='bbox 718 2723 950 2790; x_wconf 89' lang='lat' dir='ltr'><strong>catholicorum</strong></span> <span class='ocrx_word' id='word_1_72' title='bbox 966 2744 1034 2808; x_wconf 91' lang='lat' dir='ltr'><strong>seu,</strong></span> <span class='ocrx_word' id='word_1_73' title='bbox 1057 2731 1093 2790; x_wconf 95' lang='lat' dir='ltr'><strong>ut</strong></span> <span class='ocrx_word' id='word_1_74' title='bbox 1110 2725 1249 2809; x_wconf 85' lang='lat' dir='ltr'><strong>dicebat,</strong></span> <span class='ocrx_word' id='word_1_75' title='bbox 1266 2725 1492 2811; x_wconf 87' lang='lat' dir='ltr'><strong>psychicorum</strong></span> 
     </span>
     <span class='ocr_line' id='line_1_11' title="bbox 294 2822 1492 2910; baseline 0.002 -19"><span class='ocrx_word' id='word_1_76' title='bbox 294 2826 528 2909; x_wconf 84' lang='lat' dir='ltr'><strong>indulgentiam</strong></span> <span class='ocrx_word' id='word_1_77' title='bbox 551 2845 613 2889; x_wconf 92' lang='lat' dir='ltr'><strong>non</strong></span> <span class='ocrx_word' id='word_1_78' title='bbox 637 2825 759 2889; x_wconf 92' lang='lat' dir='ltr'><strong>minore</strong></span> <span class='ocrx_word' id='word_1_79' title='bbox 783 2827 962 2891; x_wconf 82' lang='lat' dir='ltr'><strong>acerbitate</strong></span> <span class='ocrx_word' id='word_1_80' title='bbox 986 2826 1094 2891; x_wconf 90' lang='lat' dir='ltr'><strong>invehi</strong></span> <span class='ocrx_word' id='word_1_81' title='bbox 1119 2827 1235 2910; x_wconf 84' lang='lat' dir='ltr'><strong>coepit,</strong></span> <span class='ocrx_word' id='word_1_82' title='bbox 1271 2846 1365 2908; x_wconf 91' lang='lat' dir='ltr'><strong>quam</strong></span> <span class='ocrx_word' id='word_1_83' title='bbox 1396 2822 1492 2894; x_wconf 84' lang='lat' dir='ltr'><strong>antea</strong></span> 
     </span>
     <span class='ocr_line' id='line_1_12' title="bbox 293 2927 1492 3013; baseline 0.003 -20"><span class='ocrx_word' id='word_1_84' title='bbox 293 2931 326 2994; x_wconf 94' lang='lat' dir='ltr'><strong>in</strong></span> <span class='ocrx_word' id='word_1_85' title='bbox 350 2929 546 2994; x_wconf 88' lang='lat' dir='ltr'><strong>ethnicorum</strong></span> <span class='ocrx_word' id='word_1_86' title='bbox 571 2927 788 3012; x_wconf 74' lang='lat' dir='ltr'><strong>impietatem,</strong></span> <span class='ocrx_word' id='word_1_87' title='bbox 823 2927 1039 3012; x_wconf 78' lang='lat' dir='ltr'><strong>‘postmodum</strong></span> <span class='ocrx_word' id='word_1_88' title='bbox 1073 2928 1169 2992; x_wconf 88' lang='lat' dir='ltr'><strong>etiam</strong></span> <span class='ocrx_word' id='word_1_89' title='bbox 1202 2929 1243 2993; x_wconf 91' lang='lat' dir='ltr'><strong>ab</strong></span> <span class='ocrx_word' id='word_1_90' title='bbox 1267 2929 1346 3013; x_wconf 88' lang='lat' dir='ltr'><strong>ipsis</strong></span> <span class='ocrx_word' id='word_1_91' title='bbox 1370 2928 1492 2996; x_wconf 89' lang='lat' dir='ltr'><strong>divisus</strong></span> 
     </span>
     <span class='ocr_line' id='line_1_13' title="bbox 293 3030 1492 3115; baseline -0.002 -17"><span class='ocrx_word' id='word_1_92' title='bbox 293 3053 351 3098; x_wconf 91' lang='lat' dir='ltr'><strong>sua</strong></span> <span class='ocrx_word' id='word_1_93' title='bbox 376 3030 599 3097; x_wconf 87' lang='lat' dir='ltr'><strong>conventicula</strong></span> <span class='ocrx_word' id='word_1_94' title='bbox 622 3030 861 3115; x_wconf 82' lang='lat' dir='ltr'><strong>propagavit’1.</strong></span> <span class='ocrx_word' id='word_1_95' title='bbox 908 3031 1038 3095; x_wconf 81' lang='lat' dir='ltr'><strong>‘Fertur</strong></span> <span class='ocrx_word' id='word_1_96' title='bbox 1074 3030 1192 3095; x_wconf 85' lang='lat' dir='ltr'><strong>vixisse</strong></span> <span class='ocrx_word' id='word_1_97' title='bbox 1227 3050 1328 3112; x_wconf 91' lang='lat' dir='ltr'><strong>usque</strong></span> <span class='ocrx_word' id='word_1_98' title='bbox 1363 3030 1406 3095; x_wconf 89' lang='lat' dir='ltr'><strong>ad</strong></span> <span class='ocrx_word' id='word_1_99' title='bbox 1438 3030 1492 3096; x_wconf 89' lang='lat' dir='ltr'><strong>de-</strong></span> 
     </span>
     <span class='ocr_line' id='line_1_14' title="bbox 293 3131 1491 3220; baseline -0.001 -21"><span class='ocrx_word' id='word_1_100' title='bbox 293 3133 450 3220; x_wconf 88' lang='lat' dir='ltr'><strong>crepitam</strong></span> <span class='ocrx_word' id='word_1_101' title='bbox 473 3133 660 3214; x_wconf 74' lang='lat' dir='ltr'><strong>aetatem’23</strong></span> <span class='ocrx_word' id='word_1_102' title='bbox 696 3138 830 3196; x_wconf 90' lang='lat' dir='ltr'><strong>mortem</strong></span> <span class='ocrx_word' id='word_1_103' title='bbox 855 3133 935 3197; x_wconf 92' lang='lat' dir='ltr'><strong>obiit</strong></span> <span class='ocrx_word' id='word_1_104' title='bbox 958 3141 1031 3217; x_wconf 88' lang='lat' dir='ltr'><strong>post</strong></span> <span class='ocrx_word' id='word_1_105' title='bbox 1054 3152 1171 3196; x_wconf 91' lang='lat' dir='ltr'><strong>annum</strong></span> <span class='ocrx_word' id='word_1_106' title='bbox 1195 3133 1261 3196; x_wconf 94' lang='grc'><strong>220</strong></span> <span class='ocrx_word' id='word_1_107' title='bbox 1286 3131 1491 3216; x_wconf 83' lang='lat' dir='ltr'><strong>Carthagine,</strong></span> 
     </span>
     <span class='ocr_line' id='line_1_15' title="bbox 291 3234 833 3317; baseline -0.004 -16"><span class='ocrx_word' id='word_1_108' title='bbox 291 3236 346 3301; x_wconf 93' lang='lat' dir='ltr'><strong>ubi</strong></span> <span class='ocrx_word' id='word_1_109' title='bbox 370 3236 471 3300; x_wconf 89' lang='lat' dir='ltr'><strong>vitam</strong></span> <span class='ocrx_word' id='word_1_110' title='bbox 494 3240 595 3299; x_wconf 91' lang='lat' dir='ltr'><strong>totam</strong></span> <span class='ocrx_word' id='word_1_111' title='bbox 619 3234 687 3299; x_wconf 84' lang='lat' dir='ltr'><strong>iere</strong></span> <span class='ocrx_word' id='word_1_112' title='bbox 712 3241 833 3317; x_wconf 81' lang='lat' dir='ltr'><strong>egerat.</strong></span> 
     </span>
    </p>

    <p class='ocr_par' dir='ltr' id='par_1_4' title="bbox 290 3336 1491 4021">
     <span class='ocr_line' id='line_1_16' title="bbox 396 3336 1491 3423; baseline 0.002 -23"><span class='ocrx_word' id='word_1_113' title='bbox 396 3338 427 3401; x_wconf 90' lang='grc'><strong>2.</strong></span> <span class='ocrx_word' id='word_1_114' title='bbox 463 3338 539 3401; x_wconf 87' lang='lat' dir='ltr'><strong>Fuit</strong></span> <span class='ocrx_word' id='word_1_115' title='bbox 562 3344 668 3401; x_wconf 89' lang='lat' dir='ltr'><strong>autern</strong></span> <span class='ocrx_word' id='word_1_116' title='bbox 695 3336 913 3402; x_wconf 86' lang='lat' dir='ltr'><strong>Tertullianus</strong></span> <span class='ocrx_word' id='word_1_117' title='bbox 937 3339 1010 3402; x_wconf 79' lang='lat' dir='ltr'><strong>ucri</strong></span> <span class='ocrx_word' id='word_1_118' title='bbox 1037 3338 1180 3423; x_wconf 69' lang='lat' dir='ltr'><strong>tuqeuio,</strong></span> <span class='ocrx_word' id='word_1_119' title='bbox 1213 3336 1330 3418; x_wconf 83' lang='lat' dir='ltr'><strong>grandi</strong></span> <span class='ocrx_word' id='word_1_120' title='bbox 1363 3336 1491 3402; x_wconf 86' lang='lat' dir='ltr'><strong>dicendi</strong></span> 
     </span>
     <span class='ocr_line' id='line_1_17' title="bbox 292 3439 1491 3524; baseline -0.001 -18"><span class='ocrx_word' id='word_1_121' title='bbox 292 3443 324 3506; x_wconf 93' lang='lat' dir='ltr'><strong>vi</strong></span> <span class='ocrx_word' id='word_1_122' title='bbox 341 3447 373 3506; x_wconf 92' lang='lat' dir='ltr'><strong>et</strong></span> <span class='ocrx_word' id='word_1_123' title='bbox 389 3441 510 3524; x_wconf 85' lang='lat' dir='ltr'><strong>lepore,</strong></span> <span class='ocrx_word' id='word_1_124' title='bbox 532 3444 566 3502; x_wconf 91' lang='lat' dir='ltr'><strong>at</strong></span> <span class='ocrx_word' id='word_1_125' title='bbox 587 3439 692 3503; x_wconf 92' lang='lat' dir='ltr'><strong>animo</strong></span> <span class='ocrx_word' id='word_1_126' title='bbox 715 3439 855 3504; x_wconf 90' lang='lat' dir='ltr'><strong>violento</strong></span> <span class='ocrx_word' id='word_1_127' title='bbox 876 3440 1130 3524; x_wconf 87' lang='lat' dir='ltr'><strong>impatientique.</strong></span> <span class='ocrx_word' id='word_1_128' title='bbox 1177 3439 1491 3506; x_wconf 88' lang='lat' dir='ltr'><strong>Ratiocinationibus</strong></span> 
     </span>
     <span class='ocr_line' id='line_1_18' title="bbox 292 3539 1488 3626; baseline -0.003 -18"><span class='ocrx_word' id='word_1_129' title='bbox 292 3544 361 3609; x_wconf 90' lang='lat' dir='ltr'><strong>eius</strong></span> <span class='ocrx_word' id='word_1_130' title='bbox 395 3560 493 3626; x_wconf 88' lang='lat' dir='ltr'><strong>saepe</strong></span> <span class='ocrx_word' id='word_1_131' title='bbox 528 3539 599 3624; x_wconf 89' lang='lat' dir='ltr'><strong>plus</strong></span> <span class='ocrx_word' id='word_1_132' title='bbox 633 3539 814 3625; x_wconf 88' lang='lat' dir='ltr'><strong>splendoris</strong></span> <span class='ocrx_word' id='word_1_133' title='bbox 850 3542 934 3606; x_wconf 87' lang='lat' dir='ltr'><strong>inest</strong></span> <span class='ocrx_word' id='word_1_134' title='bbox 958 3561 1052 3624; x_wconf 87' lang='lat' dir='ltr'><strong>quam</strong></span> <span class='ocrx_word' id='word_1_135' title='bbox 1082 3539 1188 3622; x_wconf 89' lang='lat' dir='ltr'><strong>solidi,</strong></span> <span class='ocrx_word' id='word_1_136' title='bbox 1224 3540 1270 3605; x_wconf 90' lang='lat' dir='ltr'><strong>ita</strong></span> <span class='ocrx_word' id='word_1_137' title='bbox 1293 3549 1328 3605; x_wconf 92' lang='lat' dir='ltr'><strong>ut</strong></span> <span class='ocrx_word' id='word_1_138' title='bbox 1352 3540 1488 3607; x_wconf 83' lang='lat' dir='ltr'><strong>fascinet</strong></span> 
     </span>
     <span class='ocr_line' id='line_1_19' title="bbox 292 3642 1489 3729; baseline -0.003 -18"><span class='ocrx_word' id='word_1_139' title='bbox 292 3647 394 3729; x_wconf 84' lang='lat' dir='ltr'><strong>magis</strong></span> <span class='ocrx_word' id='word_1_140' title='bbox 429 3642 606 3709; x_wconf 87' lang='lat' dir='ltr'><strong>audacibus</strong></span> <span class='ocrx_word' id='word_1_141' title='bbox 640 3643 808 3707; x_wconf 87' lang='lat' dir='ltr'><strong>sententiis</strong></span> <span class='ocrx_word' id='word_1_142' title='bbox 844 3649 875 3707; x_wconf 91' lang='lat' dir='ltr'><strong>et</strong></span> <span class='ocrx_word' id='word_1_143' title='bbox 911 3644 1003 3708; x_wconf 87' lang='lat' dir='ltr'><strong>novis</strong></span> <span class='ocrx_word' id='word_1_144' title='bbox 1037 3643 1281 3726; x_wconf 85' lang='lat' dir='ltr'><strong>elocutionibus,</strong></span> <span class='ocrx_word' id='word_1_145' title='bbox 1321 3663 1417 3725; x_wconf 91' lang='lat' dir='ltr'><strong>quam</strong></span> <span class='ocrx_word' id='word_1_146' title='bbox 1456 3644 1489 3708; x_wconf 90' lang='lat' dir='ltr'><strong>vi</strong></span> 
     </span>
     <span class='ocr_line' id='line_1_20' title="bbox 290 3744 1490 3829; baseline -0.002 -16"><span class='ocrx_word' id='word_1_147' title='bbox 290 3749 448 3813; x_wconf 91' lang='lat' dir='ltr'><strong>rationum</strong></span> <span class='ocrx_word' id='word_1_148' title='bbox 474 3744 654 3810; x_wconf 88' lang='lat' dir='ltr'><strong>convincat.</strong></span> <span class='ocrx_word' id='word_1_149' title='bbox 700 3744 833 3809; x_wconf 88' lang='lat' dir='ltr'><strong>Praeter</strong></span> <span class='ocrx_word' id='word_1_150' title='bbox 857 3744 985 3810; x_wconf 92' lang='lat' dir='ltr'><strong>modum</strong></span> <span class='ocrx_word' id='word_1_151' title='bbox 1009 3765 1107 3829; x_wconf 87' lang='lat' dir='ltr'><strong>saepe</strong></span> <span class='ocrx_word' id='word_1_152' title='bbox 1122 3746 1271 3828; x_wconf 89' lang='lat' dir='ltr'><strong>loquitur,</strong></span> <span class='ocrx_word' id='word_1_153' title='bbox 1295 3747 1329 3810; x_wconf 94' lang='lat' dir='ltr'><strong>in</strong></span> <span class='ocrx_word' id='word_1_154' title='bbox 1345 3745 1490 3811; x_wconf 90' lang='lat' dir='ltr'><strong>omnibus</strong></span> 
     </span>
     <span class='ocr_line' id='line_1_21' title="bbox 290 3847 1488 3934; baseline -0.005 -19"><span class='ocrx_word' id='word_1_155' title='bbox 290 3852 359 3915; x_wconf 82' lang='lat' dir='ltr'><strong>tere</strong></span> <span class='ocrx_word' id='word_1_156' title='bbox 383 3851 478 3915; x_wconf 89' lang='lat' dir='ltr'><strong>rebus</strong></span> <span class='ocrx_word' id='word_1_157' title='bbox 502 3848 688 3913; x_wconf 87' lang='lat' dir='ltr'><strong>effervescit</strong></span> <span class='ocrx_word' id='word_1_158' title='bbox 712 3854 745 3912; x_wconf 89' lang='lat' dir='ltr'><strong>et</strong></span> <span class='ocrx_word' id='word_1_159' title='bbox 768 3847 916 3931; x_wconf 85' lang='lat' dir='ltr'><strong>effertur,</strong></span> <span class='ocrx_word' id='word_1_160' title='bbox 948 3847 1065 3931; x_wconf 82' lang='lat' dir='ltr'><strong>figuris</strong></span> <span class='ocrx_word' id='word_1_161' title='bbox 1098 3862 1130 3912; x_wconf 85' lang='lat' dir='ltr'><strong>et</strong></span> <span class='ocrx_word' id='word_1_162' title='bbox 1162 3847 1348 3934; x_wconf 87' lang='lat' dir='ltr'><strong>hyperbolis</strong></span> <span class='ocrx_word' id='word_1_163' title='bbox 1375 3853 1488 3913; x_wconf 90' lang='lat' dir='ltr'><strong>scatet.</strong></span> 
     </span>
     <span class='ocr_line' id='line_1_22' title="bbox 293 3948 1488 4021; baseline -0.003 -4"><span class='ocrx_word' id='word_1_164' title='bbox 293 3955 344 4017; x_wconf 92' lang='lat' dir='ltr'><strong>De</strong></span> <span class='ocrx_word' id='word_1_165' title='bbox 367 3952 441 4017; x_wconf 90' lang='lat' dir='ltr'><strong>stilo</strong></span> <span class='ocrx_word' id='word_1_166' title='bbox 461 3950 657 4021; x_wconf 81' lang='lat' dir='ltr'><strong>,Tertulliani</strong></span> <span class='ocrx_word' id='word_1_167' title='bbox 679 3950 878 4015; x_wconf 90' lang='lat' dir='ltr'><strong>notissimum</strong></span> <span class='ocrx_word' id='word_1_168' title='bbox 904 3956 952 4015; x_wconf 91' lang='lat' dir='ltr'><strong>est</strong></span> <span class='ocrx_word' id='word_1_169' title='bbox 981 3948 1061 4015; x_wconf 90' lang='lat' dir='ltr'><strong>illud</strong></span> <span class='ocrx_word' id='word_1_170' title='bbox 1086 3949 1247 4014; x_wconf 89' lang='lat' dir='ltr'><strong>Vincentii</strong></span> <span class='ocrx_word' id='word_1_171' title='bbox 1270 3949 1488 4014; x_wconf 75' lang='lat' dir='ltr'><strong>Lerincnsis³:</strong></span> 
     </span>
    </p>

    <p class='ocr_par' dir='ltr' id='par_1_5' title="bbox 398 4153 857 4224">
     <span class='ocr_line' id='line_1_23' title="bbox 398 4153 857 4224; baseline -0.004 -15"><span class='ocrx_word' id='word_1_172' title='bbox 398 4154 409 4190; x_wconf 81' lang='lat'>1</span> <span class='ocrx_word' id='word_1_173' title='bbox 428 4154 626 4224; x_wconf 82' lang='lat' dir='ltr'><strong>Augustinus,</strong></span> <span class='ocrx_word' id='word_1_174' title='bbox 647 4154 693 4207; x_wconf 89' lang='lat' dir='ltr'><strong>De</strong></span> <span class='ocrx_word' id='word_1_175' title='bbox 713 4155 794 4208; x_wconf 85' lang='lat' dir='ltr'><strong>haer.</strong></span> <span class='ocrx_word' id='word_1_176' title='bbox 813 4153 857 4208; x_wconf 83' lang='lat'><strong>86.</strong></span> 
     </span>
    </p>
   </div>
   <div class='ocr_carea' id='block_1_4' title="bbox 394 4238 910 4391">
    <p class='ocr_par' dir='ltr' id='par_1_6' title="bbox 394 4238 910 4391">
     <span class='ocr_line' id='line_1_24' title="bbox 396 4238 910 4307; baseline 0 -15"><span class='ocrx_word' id='word_1_177' title='bbox 396 4238 409 4276; x_wconf 74' lang='lat'>2</span> <span class='ocrx_word' id='word_1_178' title='bbox 427 4239 637 4307; x_wconf 87' lang='lat' dir='ltr'><strong>Hieronymus,</strong></span> <span class='ocrx_word' id='word_1_179' title='bbox 657 4238 704 4294; x_wconf 85' lang='lat' dir='ltr'><strong>De</strong></span> <span class='ocrx_word' id='word_1_180' title='bbox 723 4240 777 4292; x_wconf 88' lang='lat' dir='ltr'><strong>vir.</strong></span> <span class='ocrx_word' id='word_1_181' title='bbox 797 4239 847 4292; x_wconf 90' lang='lat' dir='ltr'><strong>inl.</strong></span> <span class='ocrx_word' id='word_1_182' title='bbox 867 4238 910 4293; x_wconf 77' lang='lat'><strong>53.</strong></span> 
     </span>
     <span class='ocr_line' id='line_1_25' title="bbox 394 4322 765 4391; baseline -0.005 -13"><span class='ocrx_word' id='word_1_183' title='bbox 394 4322 406 4361; x_wconf 79' lang='lat'>³</span> <span class='ocrx_word' id='word_1_184' title='bbox 425 4323 658 4378; x_wconf 86' lang='lat' dir='ltr'><strong>Commonitoria</strong></span> <span class='ocrx_word' id='word_1_185' title='bbox 678 4324 720 4391; x_wconf 88' lang='lat'><strong>18,</strong></span> <span class='ocrx_word' id='word_1_186' title='bbox 739 4324 765 4376; x_wconf 87' lang='lat'><strong>3.</strong></span> 
     </span>
    </p>
   </div>
   <div class='ocr_carea' id='block_1_5' title="bbox 341 4422 753 4476">
    <p class='ocr_par' dir='ltr' id='par_1_7' title="bbox 341 4422 753 4476">
     <span class='ocr_line' id='line_1_26' title="bbox 341 4422 753 4476; baseline -0.012 -6"><span class='ocrx_word' id='word_1_187' title='bbox 341 4425 517 4474; x_wconf 82' lang='lat' dir='ltr'><strong>Rausohcn,</strong></span> <span class='ocrx_word' id='word_1_188' title='bbox 530 4422 697 4476; x_wconf 76' lang='lat' dir='ltr'><strong>Florilegium</strong></span> <span class='ocrx_word' id='word_1_189' title='bbox 711 4423 753 4468; x_wconf 85' lang='lat' dir='ltr'><strong>lv.</strong></span> 
     </span>
    </p>
   </div>
   <div class='ocr_carea' id='block_1_6' title="bbox 0 0 1796 5234">
    <p class='ocr_par' dir='ltr' id='par_1_8' title="bbox 0 0 1796 5234">
     <span class='ocr_line' id='line_1_27' title="bbox 0 0 1796 5234; baseline 0 4"><span class='ocrx_word' id='word_1_190' title='bbox 0 0 1796 5234; x_wconf 95' lang='lat' dir='ltr'><strong> </strong></span> 
     </span>
    </p>
   </div>
  </div>
 </body>
</html>
