3584 5234
448 709 500 765 DE
519 709 855 767 PRAESCRIPTIONE
873 711 1184 769 HAERETICORUM
1204 715 1258 769 XL
1278 715 1353 770 1-5.
1468 715 1503 772 55

306 879 418 956 pturas
442 873 488 938 sic
505 892 576 938 esse
592 893 633 938 ex
649 871 701 939 dei
718 874 884 940 voluntate
901 873 1084 959 dispositas,
1109 883 1143 940 ut
1160 875 1333 943 haereticis
1352 879 1505 944 materias

306 975 593 1058 subministrarent,
630 995 701 1041 cum
715 975 831 1081 [legam
860 983 1008 1062 oportere
1036 977 1185 1044 haereses
1215 998 1295 1062 esse,
1331 1000 1413 1062 quae
1436 982 1505 1046 sine

305 1078 472 1162 scripturis
495 1097 565 1143 esse
589 1098 651 1143 uon
675 1086 817 1162 possunt.

305 1267 376 1335 XL.
415 1271 530 1355 Aperit
553 1277 665 1334 auterre
688 1271 999 1337 baereticidiaboii
1021 1273 1193 1355 instinctu,
1217 1274 1290 1358 ‘qui
1313 1275 1406 1359 ipsas
1429 1295 1506 1359 quo·

376 1397 438 1460 quc
461 1397 515 1442 res
538 1385 826 1442 sacramentorum
849 1379 1042 1443 divinorum
1065 1379 1234 1445 idolorum
1258 1382 1428 1466 mysteriis

788 1481 1007 1545 aemulatur'.

411 1617 477 1683 Sed
512 1619 707 1702 quaeritura,
742 1640 761 1683 a
794 1639 855 1702 quo
888 1618 1072 1685 intellectus
1106 1620 1351 1704 interpretetur1
1385 1640 1504 1704 eorum,

303 1738 385 1801 quae
419 1720 462 1784 ad
495 1720 645 1787 haereses
677 1721 810 1787 faciant.
857 1721 922 1785 uA
955 1719 1084 1787 diabolo
1117 1721 1251 1805 scilicet,
1286 1722 1376 1788 cuius
1408 1720 1505 1789 suutb

303 1829 411 1906 partes
434 1823 663 1888 intervertendi
687 1825 866 1906 veritatem,
900 1825 954 1906 qui
987 1823 1076 1908 ipsas
1100 1844 1226 1906 quoque
1250 1844 1301 1890 res
1324 1844 1503 1890 sacramen·

304 1930 407 1989 torum
441 1924 641 1990 divinorume
675 1925 831 1990 idolorum
865 1926 1028 2011 mysteriis
1060 1926 1249 1991 aemulatur.
1295 1926 1444 2010 aTingit
1473 1933 1506 1992 et

304 2027 373 2111 ipse
397 2025 563 2111 quosdam,
597 2029 707 2112 utique
737 2028 905 2094 credentes
928 2035 961 2094 et
984 2026 1100 2094 fideles
1123 2048 1214 2111 suos3
1249 2025 1504 2113 errpositiouemd

305 2129 493 2195 dilectorum
510 2130 551 2196 de
567 2130 697 2197 lavacro
713 2131 906 2215 repromittit
914 2131 936 2214 ²,
960 2157 973 2194 r
989 2137 1021 2196 et
1037 2131 1064 2196 si
1080 2130 1187 2197 adhuc
1204 2132 1332 2197 memini
1349 2130 1506 2197 Mithraee

303 2231 411 2315 signat
440 2233 506 2298 illic
538 2234 571 2298 in
603 2233 762 2299 frontibus
794 2233 912 2299 milites
944 2253 1018 2298 suos
1026 2234 1049 2315 ³,
1083 2233 1227 2299 celebrat
1264 2241 1296 2299 et
1326 2235 1419 2319 panis
1451 2234 1505 2299 oh·

302 2331 502 2417 lationemf4,
536 2342 568 2401 et
597 2336 793 2419 imaginemg
816 2335 1062 2407 resurrectionis
1084 2335 1221 2420 inducit,
1256 2343 1289 2401 et
1312 2339 1371 2403 sub
1395 2335 1505 2420 gladio

303 2434 431 2501 redimit
461 2458 610 2503 coronam
619 2439 642 2500 ⁵.
690 2438 833 2518 sQuid'?
869 2437 957 2521 quod
996 2445 1028 2503 et
1063 2458 1217 2504 summum
1252 2439 1440 2524 pontificem
1473 2440 1506 2504 in

303 2537 418 2606 uniush
434 2542 554 2625 nuptiis
571 2542 727 2607 statuit⁶P
776 2542 884 2607 Habet
904 2548 936 2607 et
952 2542 1103 2626 virgines,
1129 2540 1277 2607 habetet
1294 2542 1504 2608 continentes.

301 2667 314 2707 e
345 2643 493 2709 Ceterum
526 2646 554 2711 si
586 2647 711 2714 Numae
743 2646 893 2730 Pompilii
933 2645 1179 2730 superstitiones
1211 2645 1423 2729 revolvamus,
1462 2641 1506 2710 si¹

303 2744 543 2813 sacerdotaliak
560 2749 683 2826 officia,
700 2746 752 2815 ctl
768 2749 908 2833 iusignia
930 2756 963 2813 et
979 2748 1160 2834 privilegia,
1184 2749 1211 2814 si
1227 2747 1471 2829 sacrificalia(?)
1481 2756 1506 2788 ¹¹¹

463 2942 634 3008 asequetur
651 2939 731 3009 (proz
751 2939 805 2994 sed
824 2939 885 3008 qu.)
905 2937 961 2993 Ao.
1042 2938 1139 2993 bom.
1158 2938 1194 2993 A.
1265 2937 1372 3002 cl-irt
1391 2937 1506 2992 LSabc.

463 3021 479 3064 d
498 3025 540 3078 ita
559 3022 613 3090 Ao,
634 3021 841 3093 cooptationem
860 3025 961 3078 ceteri.
1049 3025 1122 3078 vita
1145 3023 1198 3091 Ao,
1217 3020 1355 3078 mercipit
1373 3020 1507 3076 Mithrae

462 3106 518 3172 LS,
538 3107 628 3164 etsie
647 3107 685 3173 (si
704 3110 773 3172 abc)
801 3106 909 3162 initiat
922 3106 1063 3162 Mithrae
1091 3111 1194 3178 abepr.
1284 3105 1297 3148 f
1314 3110 1341 3162 et
1364 3122 1461 3176 panes
1480 3107 1507 3159 et

465 3191 644 3248 oblationem
665 3193 698 3248 A.
826 3196 893 3247 get
912 3191 968 3247 im.
988 3209 1046 3247 om.
1066 3192 1101 3247 A.
1201 3192 1280 3247 hita
1298 3191 1391 3259 Labe,
1410 3189 1505 3245 unius

463 3279 551 3343 tsine:
570 3280 613 3343 in)
633 3279 668 3348 A,
688 3278 722 3333 io
741 3276 835 3333 unice
854 3295 910 3333 om.
930 3277 959 3334 S.
1032 3277 1121 3332 iom.
1142 3277 1176 3332 A.
1250 3274 1460 3332 ksaceruotta
1470 3275 1505 3329 A.

462 3360 472 3402 l
493 3378 548 3416 om.
563 3362 713 3434 LSabcpr.
794 3373 820 3404 111
838 3365 880 3418 ita
894 3365 1003 3433 bcopr,
1018 3361 1227 3433 sacrificantia
1240 3361 1315 3430 LSa,
1335 3359 1508 3430 sacrifican-

464 3447 541 3520 tium
559 3448 644 3503 Fulv.
665 3449 792 3506 Ursinus
813 3454 844 3504 et
862 3449 1023 3519 Rigaltius.

405 3607 416 3644 ¹
435 3611 565 3678 passive,
584 3615 619 3664 ut
639 3610 686 3666 De
705 3611 787 3680 bapt.
808 3610 842 3664 19
861 3619 890 3665 et
910 3609 967 3663 Ad.
988 3615 1049 3664 nat.
1070 3609 1127 3663 13.
1229 3606 1241 3644 ²
1267 3609 1313 3663 De
1341 3607 1448 3662 eadem
1472 3622 1506 3660 re

302 3690 382 3747 Tert.
404 3695 467 3763 agit
486 3695 533 3749 De
552 3695 627 3765 bapt
647 3695 673 3751 5.
773 3692 785 3730 3
804 3696 889 3749 etita
904 3699 1132 3749 sacramentum
1147 3692 1315 3748 chrismatis
1328 3691 1506 3747 aemulatur.

301 3773 314 3810 4
340 3775 369 3832 S.
393 3778 528 3832 Iustinus
556 3778 656 3848 (Apol.
676 3779 690 3832 Ι
709 3779 755 3848 66)
784 3781 816 3833 in
844 3779 996 3848 mysteriis
1026 3777 1154 3833 Mithrae
1184 3779 1228 3838 iis,
1258 3778 1310 3846 qui
1338 3776 1505 3842 initiantur,

302 3876 411 3930 panem
431 3865 617 3932 calicemque
636 3879 736 3933 aquae
755 3879 774 3917 a
794 3863 994 3917 daemonibus
1008 3861 1122 3931 adponi
1136 3867 1247 3916 narrat.
1348 3858 1360 3897 ⁶
1378 3859 1414 3912 In
1427 3860 1504 3914 libro

302 3944 348 3999 De
367 3959 481 3999 corona
500 3962 523 4001 e.
539 3947 575 4003 15
591 3946 671 4002 Tert.
692 3947 756 4016 agit
784 3946 822 4000 de
849 3945 964 4015 ‘aliquo
984 3943 1112 3999 Mithrae
1142 3944 1247 4011 milite,
1276 3944 1328 4012 qui
1358 3957 1426 3996 cum
1449 3943 1505 3996 ini-

301 4030 394 4083 tiatur
418 4031 450 4082 in
480 4031 609 4099 spelaeo,
637 4031 669 4083 in
700 4031 808 4084 castris
835 4045 909 4084 vere
928 4029 1132 4092 tenebrarum,
1160 4042 1306 4081 coronam
1326 4027 1505 4095 interposito

301 4114 403 4183 gladio
422 4115 479 4168 sibi
497 4115 637 4182 oblatam,
659 4116 746 4184 quasi
764 4115 886 4168 mimum
907 4114 1059 4183 martyrii,
1080 4113 1189 4167 dehinc
1209 4112 1301 4181 capiti
1314 4125 1369 4164 suo
1390 4125 1510 4166 autom·-

301 4198 452 4253 modatam
481 4208 620 4255 monetur
649 4201 741 4254 obvia
759 4197 862 4269 lmanu
890 4214 909 4253 a
937 4200 1037 4268 capite
1066 4196 1179 4266 pellere
1204 4201 1234 4251 et
1252 4197 1285 4249 in
1304 4210 1452 4262 umerum,
1481 4198 1506 4250 si

300 4284 385 4349 torte,
404 4286 577 4351 transferre,
599 4285 702 4339 dicens
721 4283 851 4338 Mithran
871 4298 938 4338 esse
958 4298 1101 4337 coronam
1122 4280 1230 4336 suam’.
1334 4277 1444 4335 ⁶Tert.
1465 4280 1504 4334 ad

300 4383 388 4423 uxor.
401 4369 434 4422 17
441 4388 448 4424 r
457 4368 571 4438 Regem
584 4369 706 4438 sacculi,
719 4369 892 4439 pontificem
906 4369 1083 4435 maximum,
1099 4381 1207 4421 rursus
1220 4366 1337 4421 nubere
1351 4367 1438 4420 netas
1452 4370 1515 4422 est..
