3584 5234
293 694 328 748 26
389 693 442 746 DE
461 691 799 748 PRAESCRIPTIONE
818 688 1130 745 HAERETIOORUM
1149 689 1219 744 XIV
1237 688 1354 743 8-XV
1375 690 1399 741 1.

295 865 451 938 cumquel
473 855 622 921 videntur
645 855 772 919 interim
797 860 916 935 tenere,
941 853 1173 917 dubitationem
1196 870 1287 916 suam
1310 851 1494 931 ostendunt,

295 957 447 1041 quamdiu
470 964 636 1041 quaerunt.
682 982 695 1021 a
712 957 827 1039 Itaque
843 963 888 1037 tu,
912 956 965 1037 qui
981 951 1153 1038 perindebl
1170 955 1307 1036 quaeris,
1324 962 1496 1037 6116616116ο

294 1061 336 1126 ad
362 1061 491 1144 eosqui
516 1067 548 1125 et
572 1060 633 1144 ipsi
658 1065 823 1142 quaerunt,
849 1058 964 1124 dubius
986 1056 1028 1122 ad
1046 1053 1192 1138 dubiosd,
1217 1059 1357 1122 incertus
1381 1057 1423 1121 ad
1446 1059 1495 1122 in-

295 1169 428 1246 6611666,
455 1182 570 1228 caecus
594 1183 614 1227 a
639 1163 744 1227 caecis
768 1162 799 1225 in
824 1161 953 1226 foveam
978 1159 1149 1225 deducaris
1172 1179 1304 1225 necesse
1328 1166 1386 1225 est.

401 1290 413 1329 s
437 1264 502 1330 Sed
527 1285 597 1329 cum
622 1262 805 1347 decipiendi
834 1264 940 1347 gratia
973 1261 1187 1345 praetendant
1210 1282 1245 1327 se
1269 1262 1376 1327 adhuc
1400 1283 1495 1345 quae-

293 1388 374 1450 rere,
411 1374 445 1432 ut
473 1366 566 1432 uobis
596 1386 654 1451 per
682 1364 907 1431 sollicitudinis
935 1365 1140 1430 iniectionem
1170 1371 1327 1430 tractatus
1350 1383 1426 1430 suos
1449 1373 1495 1430 in·

294 1471 430 1551 sinuent,
459 1468 596 1550 denique
621 1468 675 1532 ubi
699 1463 865 1532 adieruntf
887 1466 928 1531 ad
953 1487 1021 1548 nos,
1056 1467 1175 1549 statim,
1211 1474 1317 1549 quaeg
1341 1466 1493 1532 dicebant

294 1571 478 1654 quaerenda
502 1591 582 1654 esse,
609 1566 823 1653 defendunth,
848 1566 1432 1647 11111111666161161161111161611116161,
1456 1579 1492 1635 ut

294 1674 398 1741 sciant
421 1693 478 1738 nos
511 1693 574 1737 non
598 1673 736 1749 Christe,
770 1672 826 1737 sed
851 1673 912 1738 sibi
935 1679 1105 1755 negatores
1128 1692 1207 1737 esse.
1255 1697 1281 1735 10
1306 1672 1384 1736 Cum
1410 1674 1495 1737 enim

295 1783 451 1859 quaerunt
467 1774 583 1857 adhuc,
608 1773 748 1839 nondum
765 1781 892 1856 tenent3
918 1794 990 1839 cum
1006 1782 1112 1839 autem
1130 1795 1191 1839 non
1209 1781 1328 1857 tenent,
1352 1775 1494 1840 nondum

295 1877 500 1943 crediderunt
531 1876 614 1960 [cum
637 1884 743 1942 autem
768 1877 909 1941 nondum
935 1874 1189 1960 credideruntlk,
1223 1897 1286 1941 non
1310 1884 1383 1942 sunt
1413 1877 1495 1942 chri·

294 1981 399 2045 stiani.
447 2006 469 2043 11
495 1980 538 2045 At
563 2000 633 2044 oum
658 1986 767 2044 tenent
784 1978 911 2061 quidem
929 1987 962 2044 et
978 1979 1121 2062 eredunt,
1147 1980 1363 2061 quaerendum
1387 1988 1496 2046 tamen

296 2083 416 2164 dicunt,
450 2089 485 2147 ut
518 2080 705 2147 defendant.
757 2108 782 2145 11
807 2082 986 2164 Antequam
1021 2081 1207 2163 defendant,
1241 2090 1371 2165 negant,
1408 2082 1494 2166 quod

297 2181 507 2249 confitentur¹
531 2205 566 2250 se
590 2184 729 2248 nondum
755 2183 942 2265 credidisse,
967 2183 1042 2248 dum
1067 2190 1233 2266 quaerunt.
1281 2211 1306 2249 18
1330 2184 1391 2262 Qui
1416 2205 1495 2270 ergo

294 2307 354 2351 nec
378 2287 440 2352 sibi
464 2294 536 2352 sunt
560 2286 736 2369 christiani,
768 2292 886 2369 quanto
911 2286 1015 2369 magis
1038 2286 1154 2352 nobis?
1179 2287 1233 2369 qui
1257 2308 1315 2372 per
1331 2288 1494 2353 fallaciam

293 2390 434 2473 veniunt,
460 2375 586 2473 qualem
610 2390 710 2454 fidem
728 2389 917 2474 disputent?
943 2389 994 2455 eui
1015 2391 1144 2454 veritati
1163 2392 1415 2475 patrocinantur,
1440 2393 1494 2474 qui

294 2514 363 2558 eam
389 2514 408 2557 a
432 2492 599 2558 mendacio
632 2491 833 2557 inducunt2?
880 2518 906 2556 11
929 2491 995 2558 Sed
1019 2493 1080 2577 ipsi
1105 2492 1166 2558 de⁸
1193 2494 1361 2578 scripturis
1384 2501 1495 2578 agunt,

294 2602 327 2661 et
350 2594 410 2660 de³
434 2595 601 2680 scripturis
625 2594 771 2660 suadent.
819 2593 959 2660 Aliunde
993 2596 1117 2661 scilicet
1149 2597 1236 2680 loqui
1268 2605 1429 2681 possentm
1453 2596 1495 2664 de

293 2700 388 2764 rebus
411 2697 501 2780 fidei,
526 2698 588 2763 nisi
612 2719 652 2764 ex
676 2699 792 2764 litteris
815 2697 918 2763 fidei?

293 2925 365 2990 XV.
414 2928 631 3011 Propositum
655 2934 713 3008 est,
747 2928 972 2993 admittendos
1005 2949 1072 2992 non
1108 2949 1176 2993 esse
1211 2929 1396 2992 haereticos
1429 2930 1494 2994 ‘ad

293 3029 400 3094 nilnrn
423 3030 464 3094 de
487 3030 667 3113 scriptoris
695 3030 958 3114 disputationem
970 3031 988 3112 ³,
1023 3032 1102 3114 qnid
1130 3030 1271 3114 ‘dispici
1303 3030 1406 3108 debet,
1440 3033 1497 3096 cni

572 3137 737 3214 competet
754 3132 923 3215 possessio
947 3131 1220 3215 scriptnrdrnm'.

401 3268 553 3332 Venimus
577 3267 676 3351 igitur
698 3266 739 3332 ad
757 3269 976 3353 propositum:
1000 3267 1084 3332 huc¹¹
1108 3268 1191 3332 enim
1209 3267 1438 3352 dirigebamus,
1463 3279 1496 3337 et

294 3369 354 3434 hoc
378 3371 681 3454 praestruebamus⁰
705 3369 920 3436 adlocutionis
944 3370 1202 3454 praefationem,
1226 3372 1341 3436 utiam
1359 3372 1434 3438 hinc
1453 3373 1494 3439 de

456 3556 471 3587 ⁸
491 3549 701 3618 quodcumque
714 3547 828 3603 LSabo.
901 3546 918 3589 b
934 3545 1068 3616 proinde
1088 3546 1201 3602 LSabc.
1279 3551 1426 3618 ospectas
1445 3549 1493 3605 Sa.

454 3629 469 3672 d
500 3648 519 3685 a
548 3630 652 3687 dubiis
679 3649 723 3702 pr.
833 3642 846 3673 θ
879 3633 916 3685 ab
944 3629 1070 3686 incertis
1098 3649 1141 3701 pr.
1251 3631 1439 3687 fandiesa'nt
1457 3633 1493 3688 A.

453 3725 470 3766 s
494 3732 551 3786 que
578 3715 661 3772 ALS.
734 3716 751 3759 h
780 3719 822 3771 ita
850 3715 1002 3786 LSabopr,
1031 3717 1197 3786 defend...
1218 3716 1253 3786 A,
1277 3717 1447 3787 defendant
1466 3735 1492 3774 o.

454 3799 463 3841 ¹
482 3805 626 3870 reputare
645 3801 681 3856 A.
759 3799 872 3856 khaeo
890 3803 987 3856 verba
1007 3801 1125 3856 addunt
1143 3802 1266 3870 abcopr.
1347 3801 1357 3842 1
1376 3804 1419 3857 ita
1437 3802 1494 3873 Ao,

457 3889 540 3955 qnod
559 3888 688 3941 credunt
707 3886 878 3955 confitentes
891 3884 1043 3954 LSabopr.
1116 3894 1141 3925 m
1160 3886 1203 3939 ita
1221 3884 1275 3953 Ao,
1296 3884 1423 3941 aliunde
1442 3889 1496 3945 sed

451 3973 578 4039 possent
596 3970 627 4037 L,
648 3969 775 4026 aliunde
794 3969 908 4025 scilicet
925 3971 1054 4026 suadere
1073 3986 1135 4024 non
1153 3972 1275 4037 possent
1294 3969 1380 4040 Sabo,
1409 3973 1495 4043 loqui

455 4071 518 4110 non
532 4056 666 4124 possunt
684 4072 729 4125 pr.
817 4065 832 4095 ¹¹
852 4057 907 4109 boc
926 4053 1029 4109 ALSo.
1121 4063 1135 4096 0
1164 4057 1439 4122 praestruebamus
1458 4058 1494 4126 A,

344 4217 346 4220 .
450 4146 648 4213 praestamus
667 4147 734 4206 (om.
754 4144 820 4211 boc)
839 4140 914 4197 LSe.
988 4139 1249 4210 rpraefotionern
1267 4141 1381 4200 LSabc.

400 4261 537 4332 1aeque.
646 4259 658 4298 ²
685 4263 842 4318 Mendacio
871 4268 1000 4318 utuntur
1028 4262 1068 4316 ad
1087 4262 1249 4317 veritatem
1269 4265 1494 4322 insinuandam.

292 4344 371 4402 1611.
479 4346 651 4401 4(11-14.
1201 4384 1208 4418 ,
