3584 5234
291 717 325 770 66
788 710 1003 768 ADPENDIX.

288 878 424 949 πολλοὺς
459 875 522 941 άπὸ
550 882 614 941 τῶν
637 877 876 960 προειρημένων
904 874 1021 940 multos
1045 893 1085 939 ex
1109 874 1160 940 his
1176 893 1256 957 quos
1272 873 1492 959 praediximus

291 982 455 1062 αῖρετικῶν
478 982 666 1063 ἐπέστρεψεν
689 981 732 1050 εἰς
754 979 810 1062 τὴν
825 981 875 1043 ἐκ·
905 976 1086 1044 haereticos
1102 978 1261 1043 convertit
1276 976 1309 1040 in
1322 977 1490 1043 ecclesiam

291 1083 420 1165 κλησίαν
434 1089 490 1147 τοῦ
505 1084 594 1156 θεοῦ,
616 1084 691 1165 μίαν
706 1082 760 1146 καλ
773 1083 876 1165 μάνην
905 1078 967 1162 dei,
997 1100 1093 1144 unam
1117 1086 1150 1145 et
1173 1080 1274 1145 solam
1303 1080 1387 1145 hanc
1409 1081 1490 1145 veri-

290 1185 404 1268 ταίτην
442 1186 593 1268 ἀλήθειαν
633 1185 775 1268 κηρύξας
812 1184 875 1249 ὑπὸ
905 1187 1004 1246 tatem
1036 1180 1230 1247 adnuntians
1264 1181 1306 1246 ab
1338 1182 1492 1266 apostolis

290 1292 354 1350 τῶν
377 1288 563 1352 ἀποστόλων
577 1289 801 1371 παρειληφέναι
820 1288 876 1371 την
905 1284 1087 1368 percepisse
1103 1304 1149 1365 se,
1174 1303 1268 1366 quarn
1285 1289 1318 1349 et
1334 1284 1491 1350 ecclesiae

289 1389 353 1453 ὑπὸ
364 1395 419 1473 τῆς
431 1391 596 1474 ἐκκλησίας
607 1391 876 1474 παραδεδομένην.
905 1385 1049 1453 tradidit.
1083 1385 1126 1450 Et
1141 1393 1225 1469 sunt,
1250 1387 1304 1468 qui
1320 1384 1491 1452 audierunt

292 1491 357 1554 Καὶ
379 1492 454 1556 εἰσὶν
477 1495 507 1556 οἱ
529 1493 702 1576 ἀκηκοότες
718 1494 814 1557 αὐτοῦ
831 1494 876 1558 ὅτι
905 1509 988 1572 eum,
1013 1491 1163 1573 quoniam
1187 1490 1348 1555 lohannes
1371 1487 1491 1554 damini

291 1589 454 1677 Ἰωάννης,
478 1595 568 1658 ὁτοῦ
590 1596 702 1677 κυρίου
717 1596 875 1679 μαθητής,
906 1591 1082 1677 discipulus
1105 1593 1138 1657 in
1154 1591 1283 1677 Epheso
1296 1592 1366 1656 iens
1378 1591 1490 1672 lavari,

293 1696 374 1779 ἐντῇ
382 1696 510 1780 Ἐφέσῳ
521 1698 690 1779 πορευθείς
701 1699 876 1763 λούσασθαι
906 1715 976 1760 cum
1011 1694 1145 1760 vidisset
1179 1695 1266 1760 intus
1295 1692 1491 1775 Cerinthum‚

292 1800 345 1862 καί
368 1800 447 1864 ἰδὼν
470 1802 533 1864 ἔσο)
557 1799 722 1883 Κήρινθον
745 1802 875 1885 ἐξήλατο
905 1796 1059 1863 exsilierit
1094 1796 1135 1863 de
1168 1797 1282 1862 balneo
1311 1816 1374 1861 non
1397 1795 1491 1876 lotus,

292 1907 347 1965 τοῦ
385 1903 551 1984 βαλανείου
590 1902 635 1985 μὴ
670 1904 874 1986 λουσάμενος,
905 1899 1028 1979 dicens,
1044 1899 1130 1982 quod
1146 1900 1269 1981 timeat,
1285 1918 1326 1964 ne
1342 1897 1491 1963 balneum

293 2004 348 2067 ἀλλ
359 2005 524 2068 ’ἐπειπών
550 2001 744 2087 ,,Φύγωμεν.
760 2006 805 2089 μὴ
822 2006 876 2070 καί
905 2001 1064 2085 concidat,
1088 2022 1160 2068 cum
1176 2003 1262 2066 intus
1283 2005 1369 2066 esset
1385 1998 1492 2065 (lerin-

291 2104 326 2168 τὸ
338 2106 503 2188 βαλανεῖον
515 2109 669 2190 συμπέσῃ,
683 2108 773 2172 ἔνδον
786 2109 876 2179 ὄντος
906 2103 980 2171 thus
995 2105 1143 2171 inimicus
1158 2103 1315 2169 veritatis.
1361 2103 1404 2167 Et
1422 2103 1491 2186 ipse

293 2209 460 2291 Κηρίνβου
493 2214 549 2272 τοῦ
576 2216 631 2292 τῆς
654 2210 803 2293 άληβείας
831 2213 877 2295 ἐχ·
905 2213 1011 2272 autern
1035 2207 1235 2292 Polycarpus
1255 2204 1411 2270 Marcioni
1435 2204 1491 2269 ali·

292 2308 411 2391 βροῦ.“
434 2310 498 2373 Καὶ
516 2311 611 2382 αὐτὸς
629 2312 662 2376 δὲ
679 2314 877 2398 ὁΠυλύκαρ-
906 2309 1034 2390 quondo
1047 2309 1227 2375 occurrenti
1239 2307 1301 2373 sibi
1313 2313 1346 2373 et
1356 2306 1490 2372 dicenti:

291 2436 354 2483 πος
366 2413 539 2495 Μαρκίωνί
547 2438 622 2479 ποτε
638 2417 681 2486 εἰς
698 2418 774 2499 ὅηιιν
790 2418 878 2501 αὐτῷ
906 2412 1082 2497 Cognoscis
1112 2411 1193 2476 nos?
1228 2409 1409 2495 respondit:
1434 2408 1492 2475 Co·

294 2514 416 2578 ἒλάάντι
431 2517 484 2579 καὶ
500 2517 633 2599 φήσαντι
658 2519 878 2603 ,,”Ειτηίνωσκε
906 2534 1026 2598 gnosso
1039 2520 1071 2580 te
1084 2515 1330 2599 primogenitum
1347 2519 1491 2577 satanae.

293 2616 398 2699 ἡμᾶς“
428 2619 600 2702 ἀπεκρίθη·
641 2621 877 2704 ,,Ἐττιγινώσκο)
907 2618 1046 2683 Tantum
1070 2616 1208 2701 apostoli
1239 2621 1271 2681 et
1300 2614 1412 2679 horum
1448 2613 1494 2680 di·

292 2718 346 2781 τὸν
379 2721 584 2802 πρωτότοκον
618 2729 673 2787 τοῦ
702 2730 818 2787 σατανᾶ
833 2722 876 2784 ¹“.
906 2721 1023 2805 scipuli
1047 2720 1227 2785 habuerunt
1261 2717 1419 2794 timorem,
1458 2725 1493 2783 ut

296 2819 456 2904 Τοσαύτην
490 2825 521 2886 οῖ
558 2825 724 2889 ἀπόστολοι
761 2826 815 2889 καὶ
849 2828 880 2889 οἱ
906 2820 1494 2905 noqueverbotenusoommunioarent

292 2924 434 3006 μαθηταὶ
466 2927 572 2989 αὐτῶν
601 2929 693 3011 ἔσχον
716 2929 879 3011 εὐλάβειαν
907 2927 1003 2991 alicui
1021 2946 1140 3007 eorum,
1160 2924 1214 3007 qui
1231 2923 1493 2989 adulteraverant

293 3024 375 3105 πρὸς
396 3025 432 3088 τὸ
446 3028 529 3111 μηδὲ
548 3031 641 3113 μέχρι
656 3031 751 3113 λόγου
767 3055 879 3095 κοινω-
907 3030 1088 3110 ueritatem,
1146 3024 1413 3109 quemadmodum
1460 3031 1492 3091 et

294 3132 356 3189 νεῖν
383 3152 438 3190 τινι
468 3135 533 3193 τῶν
566 3134 879 3215 παραχαρασσόντων
907 3133 1026 3199 Paulus
1050 3133 1110 3196 ait:
1141 3129 1358 3194 Haereticam
1381 3135 1493 3194 autem

294 3228 350 3310 τὴν
385 3229 545 3314 ἀλήθειαν,
579 3235 626 3304 αἰς
661 3236 714 3299 καί
748 3235 880 3308 Παῦλος
908 3237 1072 3301 homiuem
1112 3240 1190 3318 post
1229 3252 1333 3296 anam
1386 3251 1494 3296 corre-

295 3333 431 3415 ἔφησεν·
469 3336 681 3418 ,,Αίρετικὸν’
704 3340 880 3422 ἄνθρωπον
902 3340 1054 3424 μελοποιοί
1071 3337 1182 3401 devita
1197 3335 1313 3417 aciens,
1336 3333 1494 3417 quoniam

295 3434 372 3517 μετὰ
388 3437 463 3518 μίαν
479 3438 532 3501 καὶ
549 3440 696 3523 δευτέραν
711 3442 880 3506 νουθεσίαν
903 3463 1083 3528 perversus
1118 3446 1165 3504 est
1193 3439 1251 3522 qui
1281 3445 1329 3502 cst
1358 3435 1438 3500 talia
1463 3443 1494 3499 et

295 3545 448 3620 παραιτοῦ
461 3540 564 3623 εἰδώς,
589 3543 634 3606 ὅτι
649 3545 879 3627 ἐξέστραπταιὸ
908 3550 957 3610 eat
972 3566 995 3610 α
1009 3543 1184 3627 semetipso
1209 3542 1400 3606 damnatus.
1435 3537 1494 3603 Est

296 3645 435 3711 τοιοῦτος
458 3642 512 3705 καὶ
535 3645 705 3728 ἁμαρτάνει
728 3649 775 3711 ὢν
791 3649 880 3711 αὐτο·
909 3654 1015 3712 autem
1039 3650 1071 3711 et
1095 3643 1232 3729 epistula
1255 3639 1427 3725 Polycarpi
1451 3638 1492 3703 ad

296 3742 513 3824 uarouprwc‘t
553 3748 662 3814 Ἔστιν
686 3749 796 3814 δὲκαὶ
819 3752 880 3814 ε’πι-
908 3749 1134 3834 Philippenses
1156 3746 1278 3830 scripta
1299 3741 1494 3827 perfectissi-

297 3845 388 3928 στολὴ
413 3846 632 3932 Πολυκάρπου
665 3852 747 3934 πρὸς
774 3851 880 3917 Φιλιπ-
909 3874 972 3935 ma,
989 3873 1029 3918 ex
1046 3870 1110 3934 qua
1126 3855 1158 3914 et
1178 3847 1398 3913 characterem
1414 3843 1493 3908 fidei

296 3949 429 4031 πησίους
461 3954 660 4038 γεγραμμένη
694 3958 880 4040 ἱκανωτάτη,
910 3958 978 4022 eius
1002 3961 1034 4021 et
1050 3950 1324 4038 praedicationem
1336 3947 1493 4027 veritatis,

298 4051 332 4124 ἒξ
363 4050 401 4134 ἧς
435 4054 489 4116 καὶ
519 4055 574 4118 τὸν
607 4068 792 4145 χαρακτῆρα
827 4066 881 4142 τῆς
910 4059 964 4142 qui
980 4057 1092 4122 volunt
1107 4061 1139 4120 et
1155 4072 1263 4118 curam
1280 4049 1401 4114 habent
1417 4069 1494 4114 suae

406 4291 471 4347 11d
501 4292 614 4348 Romae
644 4290 790 4346 accidisse
812 4287 850 4356 (λ)
880 4286 973 4341 tradit
991 4285 1202 4352 Hieronymus,
1232 4281 1279 4336 De
1303 4282 1357 4335 vir.
1381 4280 1432 4336 inl.
1451 4281 1494 4334 17.

297 4374 385 4432 2Τίί.
405 4379 431 4446 3,
451 4378 492 4432 10.
