3584 5234
435 682 488 736 DE
507 679 845 737 PRAESCRIPTIONE
864 680 981 736 HAER.
1000 681 1103 736 XXIII
1121 681 1283 737 8-XXIV
1302 682 1326 737 3.
1445 683 1482 738 35

273 842 449 910 adscendit
472 843 752 928 Hierosolymama
776 842 992 927 cognoscendi
1009 844 1098 909 Petri
1124 863 1232 927 causa,
1257 864 1298 908 ex
1314 844 1428 910 officio
1448 851 1481 909 et

276 944 346 1011 iure
370 945 494 1011 scilicet
517 945 662 1010 eiusdem
686 944 766 1009 fidei
790 952 822 1010 et
846 943 1109 1029 praedicationis.
1156 947 1268 1012 sNam
1292 953 1324 1012 et
1348 946 1480 1012 illinon

278 1054 384 1113 essent
407 1045 547 1129 miratib,
572 1046 613 1113 de
636 1053 843 1131 persecutore
867 1046 991 1111 factum
1014 1047 1282 1131 praedicatorem,
1306 1050 1334 1114 si
1357 1048 1481 1131 aliquid

276 1151 472 1214 contrarium
496 1147 713 1234 praedicaret,
738 1168 798 1213 nec
822 1148 986 1213 dominum
1009 1156 1181 1233 propterea
1203 1150 1479 1233 magnificassent,

275 1252 352 1334 quia
376 1250 580 1316 adversarius
604 1252 672 1316 eius
688 1251 807 1316 Paulus
830 1251 1038 1316 obveneratl.
1085 1252 1228 1333 altaque
1245 1259 1277 1316 et
1293 1250 1480 1317 deuterumc

275 1354 308 1418 ei
330 1352 497 1435 dederunt,
530 1354 656 1437 signum
690 1353 883 1419 concordiae
917 1358 949 1417 et
978 1354 1232 1436 convenientiae,
1266 1360 1298 1418 et
1331 1355 1413 1419 inter
1446 1375 1481 1420 se

278 1454 536 1523 distributionem
560 1455 666 1520 officii
690 1455 931 1538 ordinaverunt,
963 1475 1025 1520 non
1049 1456 1285 1539 separationem
1309 1457 1479 1541 evangelii,

277 1578 337 1624 nec
360 1565 395 1623 ut
419 1557 507 1623 aliud
537 1560 628 1641 alter,
663 1557 720 1624 sed
749 1564 784 1622 ut
813 1558 885 1624 aliis
915 1557 997 1623 alter
1029 1556 1265 1642 praedicarent,
1301 1559 1415 1625 Petrus
1447 1561 1481 1624 in

277 1661 561 1743 circumcisionem,
586 1661 705 1726 Paulus
728 1661 761 1724 in
785 1659 962 1724 nationest
1009 1686 1035 1724 ιο
1052 1660 1201 1725 Ceterum
1225 1659 1251 1725 si
1270 1661 1481 1745 reprehensus

274 1769 325 1828 est
338 1764 463 1846 Petrus,
488 1762 583 1846 quod,
609 1783 681 1829 cum
707 1762 903 1827 convixisset
928 1761 1075 1844 ethnicis,
1100 1768 1212 1846 postea
1236 1782 1271 1828 se
1294 1765 1481 1830 aconvictu

275 1885 386 1930 eorum
409 1866 582 1950 separabat
606 1884 812 1949 personarum
829 1869 993 1948 respectu:
1018 1865 1128 1946 utique
1146 1865 1399 1930 conversationis
1418 1866 1481 1932 fuit

277 1967 398 2050 vitium,
433 1989 497 2032 uon
532 1966 814 2052 praedicationis³.
871 1993 896 2030 11
924 1965 997 2032 Non
1026 1967 1110 2030 enim
1135 1986 1175 2031 ex
1199 1966 1261 2031 hoc
1284 1967 1365 2032 alius
1401 1967 1480 2034 deus

276 2089 371 2152 quam
408 2077 543 2152 creator,
575 2078 607 2135 et
642 2069 723 2134 alius
748 2068 894 2134 Christus
930 2088 1024 2151 quam
1050 2088 1090 2134 ex
1114 2068 1227 2150 Maria,
1262 2075 1295 2133 et
1318 2069 1384 2134 alia
1407 2089 1480 2154 spes

275 2192 372 2254 quam
396 2174 586 2238 resurrectio
612 2171 873 2238 adnuntiabatur.
1154 2162 1157 2167 ’

307 2455 431 2520 XXIV.
472 2456 587 2540 Nepae
612 2456 743 2520 Paulas
767 2457 803 2519 in
827 2456 965 2520 tertiana
988 2455 1119 2519 caciarn
1144 2454 1254 2519 elatas
1276 2456 1313 2518 in
1342 2455 1448 2519 aliani

565 2557 752 2622 doctrinam
776 2558 974 2621 instructior
994 2558 1111 2643 factas
1135 2563 1193 2620 est.

384 2713 456 2780 Non
486 2713 563 2777 mihi
593 2720 658 2778 tam
687 2714 769 2778 bene
793 2720 852 2794 est,
886 2714 982 2776 immo
1006 2733 1070 2776 non
1094 2711 1172 2776 mihi
1196 2707 1286 2777 tarnd
1310 2712 1394 2776 male
1411 2720 1477 2794 est,

274 2821 310 2878 ut
343 2814 506 2898 apostolos
539 2816 755 2879 conmittam‘t
830 2840 842 2878 2
873 2812 939 2879 Sed
973 2814 1123 2897 quoniam
1156 2812 1390 2897 perversissimi
1424 2813 1479 2878 isti

274 2915 363 2981 illam
388 2916 668 3000 reprehensionem
692 2915 735 2981 ad
759 2915 820 2980 hoc
849 2914 1038 2997 obtendunt,
1074 2921 1108 2979 ut
1138 2921 1320 2998 suspectam
1354 2914 1479 2980 faciant

273 3017 452 3083 doctrinam
492 3017 689 3101 superiorem
698 3018 720 3101 ⁵,
760 3016 962 3102 respondebo
1001 3017 1093 3099 quasi
1131 3035 1189 3100 pro
1222 3016 1334 3080 Petro:
1374 3016 1478 3100 ipsum

275 3120 408 3184 Paulum
424 3119 556 3204 dixisse,
569 3119 691 3185 factum
708 3140 742 3185 se
759 3140 828 3185 esse
845 3120 1012 3185 omnibuse
1028 3118 1145 3200 omnia,
1162 3116 1292 3182 Iudaeis
1309 3116 1474 3199 Iudaeum,

272 3242 338 3286 non
361 3220 490 3287 Iudaeis
514 3242 578 3286 non
601 3220 768 3304 Iudaeum,
793 3229 827 3286 ut
851 3241 961 3286 omnes
990 3220 1189 3284 lucrificaret
1198 3220 1221 3284 ⁶.
1267 3245 1280 3284 a
1303 3218 1396 3284 Adeo
1419 3240 1477 3304 pro

273 3325 470 3409 temporibus
494 3330 526 3388 et
549 3325 693 3408 personis
725 3331 757 3389 et
790 3325 896 3389 causis
930 3321 1089 3405 quaedam
1122 3319 1411 3405 reprehendebant,
1445 3320 1478 3386 in
1513 3377 1515 3383 .

264 3436 358 3510 'quae
382 3433 414 3491 et
436 3426 499 3511 ipsi
534 3445 636 3508 aeque
667 3446 724 3510 pro
754 3425 952 3510 temporibus
981 3431 1014 3488 et
1041 3423 1186 3507 pensante
1211 3427 1243 3487 et
1266 3423 1372 3488 causis
1406 3442 1475 3519 con·
1529 3420 1548 3444 “’

272 3525 497 3608 mittebantf⁷3
523 3526 791 3610 quemadmodum
815 3528 842 3594 si
866 3534 898 3592 et
923 3527 1038 3591 Petrus
1061 3523 1312 3609 reprehenderet
1332 3525 1476 3606 Paulum,

434 3744 449 3776 ⁸
472 3733 597 3790 ascendi
625 3733 658 3788 in
677 3732 891 3804 [hierosolyma
910 3733 946 3801 A,
974 3730 1112 3787 ascendit
1130 3730 1267 3799 (ascendi
1286 3730 1323 3800 L)
1347 3729 1477 3786 hieroso-

435 3820 551 3889 lyniam
571 3817 719 3888 Sabcopr;
739 3820 791 3872 cfr.
811 3818 890 3872 Adv.
910 3817 1000 3871 Marc.
1021 3817 1082 3872 V3
1110 3818 1174 3870 init.
1282 3813 1477 3870 bammirati

433 3902 548 3960 LSabc.
621 3903 791 3957 camaram
810 3901 846 3956 A.
920 3899 1013 3956 dom.
1033 3899 1060 3957 S.
1134 3897 1303 3955 eorrtnibas
1316 3898 1476 3955 esseSabc.

434 3984 447 4028 f
460 3984 681 4056 promittebant
699 3985 734 4040 A.

384 4145 640 4215 1Ga1.1,23s.‹
693 4145 789 4203 ”Gai
809 4146 834 4214 2,
854 4146 878 4201 9.
951 4142 1053 4200 ³Adv.
1068 4144 1158 4198 Mare.
1169 4142 1209 4197 IV
1219 4142 1245 4197 3.
1317 4139 1477 4198 ⁴alterum

270 4233 305 4286 in
324 4233 453 4287 alterum
472 4233 620 4286 inmittam
640 4247 695 4286 seu
713 4232 834 4301 agitem.
906 4229 919 4265 ⁵
938 4230 1108 4285 doctrinam
1127 4227 1216 4283 Petri.
1292 4224 1304 4262 ⁰
1329 4228 1343 4280 1
1364 4225 1431 4301 Cor.
1450 4227 1477 4294 9,

268 4313 387 4370 20-22.
460 4312 472 4350 ⁷
490 4314 678 4370 inclinabant
696 4328 751 4370 seu
769 4313 980 4384 indulgebant.
