3584 5234
303 657 341 713 52
492 658 545 739 DE
561 658 744 722 PRAESCR.
763 657 878 714 HAER.
892 659 1034 714 XXXVII
1053 659 1265 715 a-xxxvffl
1283 661 1308 715 3.

204 823 206 827 ’
305 822 443 906 apostoli
467 843 486 887 a
510 821 648 904 Christo,
684 821 828 888 Christus
851 843 871 887 a
895 822 956 887 deo
984 821 1129 905 tradidit,
1163 828 1290 888 constat
1319 823 1401 888 ratio
1432 844 1504 908 pro·

303 925 400 1009 positi
424 926 546 990 nostri¹
581 923 767 1017 definieritis
798 944 862 989 non
895 944 965 991 esse
998 924 1214 990 admittendos
1246 924 1426 993 haereticos
1458 926 1503 991 ad

304 1025 497 1092 ineundam⁸
520 1027 562 1092 de
579 1012 744 1113 seripturis
759 1029 1032 1112 provocationem,
1057 1047 1136 1110 qnos
1152 1029 1220 1094 sine
1241 1029 1407 1112 seripturis
1431 1050 1502 1114 pro-

304 1129 417 1209 bamus
440 1129 481 1194 ad
506 1131 681 1214 scripturas
704 1149 768 1194 non
791 1131 962 1214 pertinere.
1008 1157 1021 1195 a
1045 1130 1080 1196 Si
1111 1133 1194 1196 enirn
1226 1130 1382 1197 haeretiei
1416 1138 1502 1215 sunt,

304 1230 469 1297 christiani
493 1251 564 1298 esse
586 1252 650 1298 non
673 1239 815 1316 possunt,
839 1252 902 1297 non
919 1253 939 1296 a
955 1232 1082 1298 Christo
1099 1232 1258 1315 habendo,
1283 1232 1369 1316 quod
1386 1233 1500 1299 desua

303 1334 460 1400 electione
492 1336 606 1401 sectati
639 1335 872 1401 haeretieorum
906 1334 1058 1426 nomineb
1093 1335 1275 1402 admittunt.
1322 1337 1409 1401 alta
1437 1357 1502 1401 non

302 1436 467 1502 christiani
491 1438 609 1502 nullum
632 1439 681 1503 ius
705 1438 857 1522 capiunt⁰
881 1438 1125 1505 christianarum
1148 1439 1335 1513 litterarum,
1360 1438 1404 1504 ad
1420 1458 1502 1522 qnos

301 1539 415 1604 merito
440 1538 610 1607 dicendum
634 1545 697 1605 est:
722 1539 784 1617 Qui
807 1539 907 1605 estis?
932 1538 1059 1622 quando
1084 1547 1117 1605 et
1139 1538 1224 1605 unde
1240 1541 1397 1606 venistis?
1421 1540 1499 1624 qnid

301 1641 335 1706 in
350 1662 421 1709 meo
438 1643 545 1728 agitis,
569 1662 633 1707 non
649 1641 739 1707 mei?
762 1662 826 1725 quo
843 1642 992 1724 deniqne,
1009 1643 1163 1726 Marcion,
1178 1644 1247 1709 iure
1263 1643 1378 1709 silvam
1394 1663 1498 1708 meam

302 1745 436 1812 caedis?
472 1766 535 1829 qua
562 1746 703 1829 lieentia,
737 1746 918 1827 valentine,
951 1746 1057 1811 fontes
1080 1766 1169 1812 meos
1192 1745 1402 1812 transvertis?
1436 1766 1504 1829 qua.

298 1855 470 1934 potestate,
488 1849 627 1933 Apelles,
645 1849 763 1914 limites
779 1868 866 1914 meos
883 1849 1077 1914 eonmoves?
1116 1874 1130 1912 a
1148 1849 1220 1914 Mea
1236 1854 1285 1916 est
1298 1847 1499 1934 possessiod:

300 1951 376 2034 quid
401 1951 455 2016 hie
478 1953 577 2017 oeteri
601 1951 643 2016 ad
667 1951 864 2017 voluntatem
897 1956 1061 2017 vestrame
1088 1952 1253 2017 seminatis
1277 1959 1310 2016 et
1341 1951 1498 2037 pascitis?

299 2055 372 2120 Mea
393 2060 441 2120 est
458 2054 627 2138 possessio,
653 2052 727 2118 olim
741 2053 905 2138 possideo,
929 2055 1017 2138 prior
1031 2051 1207 2138 possideof,
1232 2054 1336 2120 habeo
1357 2056 1498 2138 origines

299 2157 411 2222 firmas
434 2157 475 2221 ab
498 2157 577 2241 ipsis
600 2155 795 2238 auctoribus,
821 2175 953 2238 quorum
977 2155 1040 2220 fuit
1062 2175 1123 2221 res.
1169 2181 1182 2219 a
1206 2157 1277 2240 Ego
1306 2177 1375 2222 sum
1404 2157 1501 2224 heres

300 2261 525 2345 apostolorum.
574 2260 665 2325 Siout
689 2266 842 2324 caverunt
865 2265 1058 2325 testamento
1082 2279 1148 2341 suo,
1173 2258 1257 2326 sieut
1282 2259 1362 2325 fidei
1379 2263 1497 2327 eonrni-

298 2369 417 2445 serunt,
441 2363 524 2429 siout
540 2362 778 2445 adiuraverunt,
802 2362 849 2426 ita
865 2368 968 2427 teneo.
1008 2362 1099 2427 aVos
1116 2369 1202 2427 certe
1218 2361 1497 2430 exheredavernnt

297 2484 424 2550 semper
439 2470 471 2530 et
487 2461 729 2541 abdicaverunt,
753 2468 788 2527 ut
805 2469 986 2545 extraneos,
1009 2469 1044 2527 nt
1060 2462 1215 2528 inimicos.
1251 2491 1263 2529 r
1279 2463 1373 2530 Unde
1389 2472 1496 2531 autern

297 2574 356 2632 ntg
379 2568 523 2632 extranei
547 2573 579 2631 et
607 2566 726 2631 inimiei
759 2565 913 2650 apostolis
946 2565 1110 2647 haeretiei,
1143 2566 1205 2630 nisi
1234 2586 1275 2630 ex
1308 2565 1496 2635 diversitate

296 2668 472 2752 doetrinae,
497 2689 592 2752 quam
615 2669 830 2751 unusquisque
854 2666 895 2731 de
919 2687 975 2734 suo
999 2667 1132 2733 arbitrio
1155 2667 1310 2734 adversus
1334 2670 1497 2754 apostolos

296 2779 351 2837 aut
374 2772 508 2857 protulit
531 2778 586 2837 aut
610 2767 771 2856 recipith?

296 3000 486 3068 XXXVIII.
535 3001 594 3065 Ea
611 3001 787 3084 proposito
812 2998 913 3062 aliter
937 2999 1078 3063 docendi
1105 2999 1265 3065 haeretiei
1293 3002 1339 3066 ad
1368 3002 1498 3068 adulte--

371 3106 537 3170 rationem
560 3105 810 3188 scripturaram
834 3109 865 3166 et
889 3103 1139 3186 impositionem
1162 3104 1305 3169 adducti
1327 3112 1415 3170 auat.

402 3242 472 3310 lllie
484 3243 583 3326 igitur
598 3249 631 3306 et
646 3241 875 3324 scripturarum
892 3245 925 3305 et
940 3240 1173 3324 expositionum
1190 3240 1382 3308 adulteratio
1395 3242 1495 3328 depa-

294 3346 394 3411 tanda
410 3352 469 3426 est,
494 3346 547 3410 ubi
565 3344 731 3410 doetrinae
747 3343 919 3408 diversitas
939 3340 1124 3408 invenituri.
1175 3369 1188 3407 a
1204 3343 1326 3421 Quibus
1342 3345 1404 3410 ruit
1423 3367 1495 3431 pro·

294 3449 431 3534 positum
456 3448 548 3512 aliter
571 3445 718 3528 docendi,
744 3441 822 3511 eosk
845 3442 1166 3534 necessitaseoegit¹
1190 3446 1284 3511 aliter
1300 3446 1493 3532 disponendi

292 3553 502 3618 instrumenta
519 3549 693 3616 doetrinae.
729 3575 742 3614 a
758 3548 848 3614 Alias
870 3549 955 3612 enirn
975 3567 1037 3612 non
1059 3549 1239 3632 potuissent
1255 3549 1347 3615 aliter
1364 3549 1494 3633 dooere,

292 3653 354 3720 nisi
370 3654 463 3719 aliter
479 3652 633 3717 haberent
655 3672 712 3736 per
736 3670 819 3734 quae
842 3648 1005 3716 docerent.
1052 3649 1144 3716 Siout
1166 3650 1229 3716 illis
1254 3673 1315 3716 non
1335 3654 1497 3737 potuisset

453 3845 520 3898 aad
534 3841 662 3896 eoadem
681 3840 714 3908 L,
733 3840 878 3895 adeunda
898 3838 925 3895 S.
1034 3839 1196 3895 baomiaa
1220 3841 1277 3896 Ao.
1385 3842 1495 3898 ccam·

451 3924 548 3982 stiaai
666 3923 796 3995 capiant
814 3941 870 3981 orn.
890 3922 925 3977 A.
1034 3921 1050 3964 d
1078 3941 1145 3979 mea
1168 3926 1212 3980 eat
1236 3941 1318 3995 poss.
1348 3942 1404 3982 om.
1434 3927 1491 3984 LS.

451 4022 537 4067 θοιιι.
547 4009 582 4065 Α.
664 4009 677 4050 f
690 4008 870 4079 priorposs.
885 4005 1011 4064 om.LS.
1075 4007 1346 4080 somLSabeopr.
1418 4009 1491 4067 hira

449 4098 485 4166 A,
503 4094 616 4167 recepit
636 4097 737 4151 aeteri.
813 4092 822 4136 i
843 4091 1009 4148 diversitas
1027 4092 1184 4148 invenitur
1202 4094 1360 4150 doctrinae
1373 4095 1492 4154 LSabe.

449 4181 540 4237 korn.
560 4179 615 4236 LS.
716 4177 786 4234 lita
806 4179 901 4246 Abeo,
920 4176 1055 4233 instituit
1072 4177 1127 4247 LS,
1146 4177 1262 4234 institit
1280 4196 1343 4250 apr.

389 4323 400 4361 1
420 4341 484 4396 cap.
505 4325 547 4380 15.
