3584 5234
300 617 335 672 64
791 621 1005 677 ADPENDIX.
1115 654 1125 679 ‹

301 784 412 866 κλησία
446 783 641 867 ἱκανωτάτην
670 783 796 867 γραφὴν
825 789 889 854 τοῖς
917 783 959 847 ad
997 804 1110 868 pacem
1145 804 1200 851 eos
1235 805 1434 871 congregans
1469 796 1501 854 et

300 887 493 969 Κορινθίοις,
518 888 561 957 εἰς
584 888 709 970 εἰρήνην
733 887 887 970 συμβιβά-
916 906 1069 971 reparans
1109 887 1209 953 fidem
1242 908 1351 954 eorum
1386 897 1418 955 et
1447 891 1501 956 ad·

301 991 399 1063 ζουσα
423 989 538 1059 αὐτοὺς
561 988 615 1052 καὶ
635 990 810 1052 ἀνανεοῦσα
831 988 888 1071 τὴν
915 989 1075 1066 nuntians,
1116 1010 1212 1072 quam
1239 992 1272 1055 in
1307 993 1428 1058 recenti
1467 1000 1500 1059 et

297 1093 397 1155 πίστιν
425 1093 531 1155 αὐτῶν
545 1093 599 1155 καὶ
628 1095 667 1175 ἢν
690 1091 800 1155 νεωστὶ
822 1090 886 1154 ἀπὸ
914 1091 1070 1175 apostolis
1093 1100 1266 1178 acceperat
1282 1093 1499 1179 traditionem,

299 1199 363 1258 τῶν
375 1194 561 1258 ἀποστόλων
572 1194 748 1276 παράδοσιν
757 1193 884 1277 εἰλήφει.

300 1295 543 1361 adnuntiantem
554 1314 649 1359 unum
666 1295 760 1360 deum
777 1295 1038 1379 omnipotentem,
1061 1296 1219 1364 faetorem
1237 1300 1319 1364 caeli
1336 1305 1367 1364 et
1384 1305 1498 1384 terrae,

300 1399 525 1482 plasmatorem
550 1396 697 1479 hominis,
722 1397 776 1479 qui
799 1396 961 1463 induxerit
979 1399 1210 1484 cataclysmum
1234 1406 1266 1466 et
1291 1401 1501 1468 advocaverit

298 1500 473 1583 Abraham,
491 1500 545 1584 qui
562 1499 709 1565 eduxerit
724 1500 876 1584 populum
892 1499 934 1565 de
956 1506 1042 1565 terra
1058 1503 1210 1587 Aegypti,
1236 1503 1290 1585 qui
1313 1505 1500 1572 conlocutus

299 1606 340 1670 sit
364 1604 479 1688 Moysi,
503 1605 557 1687 qui
580 1604 685 1687 legem
702 1602 895 1687 disposuerit
911 1609 943 1667 et
958 1602 1133 1688 prophetas
1156 1605 1288 1688 miserit,
1313 1608 1366 1688 qui
1389 1609 1497 1690 ignem

299 1709 541 1792 praeparaverit
576 1705 705 1773 diabolo
740 1712 772 1771 et
804 1705 930 1789 angelis
964 1707 1043 1772 eius.
1089 1707 1185 1773 Hunc
1219 1715 1342 1792 patrem
1378 1710 1498 1776 domini

298 1810 398 1875 nostn'
422 1811 496 1876 Iesu
522 1808 641 1876 Christi
677 1809 718 1873 ab
749 1808 894 1874 ecclesiis
923 1807 1117 1893 adnuntiari,
1151 1830 1191 1875 ex
1215 1812 1285 1895 ipsa
1319 1813 1498 1897 scriptural

299 1913 351 1995 qui
376 1910 477 1978 velint
501 1911 624 1977 discere
649 1916 782 1994 possunt
810 1915 842 1975 et
870 1910 1082 1994 apostolicam
1112 1913 1269 1979 ecclesiae
1293 1914 1497 1980 traditionem

300 2013 496 2096 intellegere,
521 2032 592 2076 cum
617 2013 658 2077 sit
682 2011 838 2076 vetustior
862 2011 1001 2095 epistula
1017 2011 1077 2095 his,
1102 2014 1156 2095 qui
1171 2033 1255 2078 nunc
1271 2015 1353 2081 falso
1378 2015 1496 2081 docent

297 2122 329 2179 et
353 2114 488 2180 alterum
513 2114 607 2180 deum
631 2133 727 2198 super
750 2112 951 2195 demiurgum
975 2121 1008 2179 et
1029 2113 1187 2180 factorem
1215 2117 1326 2183 horum
1348 2119 1497 2204 omnium,

299 2226 487 2300 quaesunt,
513 2217 777 2283 conmentiuntur.

341 2320 373 2384 3.
411 2320 492 2385 Τὸν2
526 2320 560 2385 δὲ
582 2320 749 2403 Κλήμενια
772 2324 882 2383 τοῦτον
955 2318 986 2382 3.
1011 2318 1095 2385 Huic
1118 2327 1225 2386 autem
1250 2321 1404 2388 Clementi
1428 2342 1496 2389 suc·

299 2423 470 2506 ὃιαόέχεται
504 2425 689 2506 Εὐάρεστος
726 2423 780 2486 καὶ
828 2420 882 2485 τόν
911 2420 997 2486 cedit
1013 2423 1179 2488 Euaristus
1203 2431 1236 2489 et
1250 2425 1399 2490 Euaristo
1423 2425 1496 2491 Ale-

295 2527 478 2610 Εὐάρεστον
489 2520 767 2609 Ἂλέξανδρος,εῖδ’
779 2525 882 2593 οὕτως
910 2522 1042 2607 xander,
1078 2545 1117 2590 oo
1147 2525 1299 2612 deinceps
1322 2534 1431 2592 sextus
1454 2528 1496 2594 ab

297 2632 386 2701 ἕκτος
408 2630 472 2693 ἀπὸ
496 2636 560 2693 τῶν
584 2629 769 2692 ἀποστόλων
792 2627 881 2691 καιλί1
910 2629 1065 2712 apostolis
1089 2628 1279 2695 constitutus
1312 2637 1360 2695 est
1384 2630 1495 2696 Sixtus

297 2755 402 2795 σταται
437 2732 566 2808 Ξόστος,
599 2731 676 2814 μετὰ
706 2731 740 2795 δὲ
771 2736 882 2794 τοῦτον
910 2735 943 2794 et
959 2731 1000 2795 ab
1013 2730 1075 2795 hoo
1087 2730 1313 2815 Telesphorus,
1330 2732 1385 2815 qui
1397 2734 1494 2799 etiam

303 2835 510 2918 Τελεσφόρος,
524 2837 560 2905 ὃς
571 2834 625 2897 καὶ
635 2834 774 2907 ἐνδόξως
786 2833 880 2915 ε’μαρ-
909 2831 1137 2915 gloriosissime
1176 2835 1361 2918 martyrium
1401 2834 1494 2916 fecit3

296 2939 428 3020 τόρησεν
439 2954 446 2971 ·
459 2939 560 3001 ἔπειτα
572 2936 616 2999 ‘Y
610 2943 702 3018 γῖνος,
715 2936 777 2999 εἶτα
788 2934 880 3014 Πίος,
910 2953 949 2999 ao
966 2933 1119 3019 deinceps
1134 2936 1292 3019 Hyginus
1316 2944 1389 3021 post
1405 2937 1493 3021 Pius,

295 3041 369 3123 μεθ’
392 3042 429 3103 δν
453 3040 616 3122 Ἀνίκητος.
647 3038 880 3120 Διαδεξαμένοο
910 3043 1087 3121 postquem
1101 3037 1266 3103 Anicetus.
1290 3037 1369 3103 Cum
1386 3047 1493 3105 autern

295 3144 349 3209 τὸν
378 3145 534 3227 Ἇνίκητον
549 3142 715 3224 Σωτῆρος,
739 3147 796 3204 νῦν
820 3141 880 3205 δω-
909 3139 1113 3204 successisset
1129 3139 1265 3204 Aniceto
1282 3140 1386 3223 Soter,
1409 3162 1494 3208 nuno

297 3249 420 3330 δεκάτῳ
442 3246 532 3309 τόπω
555 3244 609 3308 τόν
630 3251 686 3328 τῆς
709 3245 881 3327 ἐπισκοπῆς
910 3240 1101 3307 duodecimo
1124 3241 1195 3307 loco
1212 3243 1431 3329 episcopatum
1452 3247 1493 3310 ab

296 3349 359 3414 ἀπὸ
369 3354 433 3413 τῶν
440 3348 624 3412 ἀποστόλων
631 3349 752 3430 κατέχει
761 3348 880 3430 κλῆρον
909 3343 1063 3428 apostolis
1075 3343 1173 3410 habet
1185 3345 1396 3414 Eleutherius.
1422 3348 1493 3416 Hae

296 3451 497 3534 Ἐλεύθερος.
547 3450 591 3533 Τῇ
621 3450 700 3532 αὐτῇ
722 3450 805 3522 τάξει
826 3449 880 3512 καὶ
908 3445 1110 3513 ordinatione
1148 3453 1181 3513 et
1219 3451 1419 3515 successione
1455 3471 1494 3516 ea

294 3562 333 3639 τῇ
356 3555 435 3638 αὐτῇ
460 3554 572 3637 διδαχῇ
579 3553 591 3592 ³
622 3555 644 3636 ἥ
670 3575 702 3615 τε
729 3550 793 3615 ἀπὸ
816 3557 880 3614 τῶν
909 3566 991 3631 quae
1014 3556 1064 3615 est
1079 3552 1120 3616 ab
1137 3553 1292 3636 apostolis
1307 3553 1340 3617 in
1355 3552 1493 3618 ecclesia

294 3657 481 3722 ἀποστόλων
504 3657 537 3720 ἐν
560 3661 597 3739 τῇ
614 3653 762 3737 ἐκκλησία
778 3653 879 3736 παρά·
908 3649 1038 3717 traditio
1055 3658 1087 3718 et
1104 3655 1250 3721 veritatis
1265 3656 1492 3739 praeconatio4

295 3762 380 3832 δοσις
391 3760 446 3824 καὶ
456 3759 491 3824 τό
504 3767 558 3844 τῆς
568 3758 718 3842 ἀληθείας
729 3758 878 3840 κήρυγμα
907 3755 1053 3837 pervenit
1076 3776 1176 3839 usque
1200 3756 1242 3822 ad
1265 3776 1333 3822 nos.

293 3866 484 3948 κατήντηκεν
507 3864 550 3933 εἰς
572 3864 667 3946 ἡμᾶς.

399 4106 410 4144 ¹
429 4123 451 4163 s.
472 4106 632 4163 Clementis
652 4104 789 4176 epistula.
862 4100 964 4170 ²Ens,
983 4104 1019 4158 Η.
1033 4120 1057 4161 ε.
1077 4104 1103 4160 V
1121 4105 1146 4173 6,
1164 4104 1190 4158 4.
1209 4103 1234 4159 5.
1306 4100 1492 4173 ⁸lnterpres

292 4192 403 4246 latinus
423 4207 477 4262 pro
498 4192 593 4261 διδαχῇ
611 4190 685 4262 legit
706 4190 826 4259 διαδοχῇ,
845 4188 929 4258 qnod
947 4188 1182 4259 praeterendum
1201 4193 1254 4243 est.
1326 4186 1375 4243 li.
1395 4204 1419 4244 e.
1440 4189 1492 4243 ad-

292 4277 450 4331 nuntiatio.
