3584 5234
351 693 370 747 4
801 695 1101 751 PROLEGOMENA.

353 858 536 942 conscripta
558 857 650 922 ‘Vita
673 877 698 923 s.
716 858 884 942 Symeonis
901 857 1049 922 monachi
1065 859 1119 941 qui
1138 861 1227 924 stetit
1243 879 1339 945 super
1355 861 1553 928 columnam'

353 966 386 1024 et
409 962 550 1026 narratio
573 962 641 1024 ‘De
665 961 781 1024 Dario’
804 980 881 1043 rege
905 962 1083 1026 Persarum.
1130 963 1209 1028 Post
1232 962 1421 1028 Rhenanum
1456 986 1548 1032 nemo

352 1062 413 1129 hoc
447 1063 558 1129 codice
593 1083 668 1129 usus
701 1083 770 1128 1111
806 1062 949 1142 videtur;
985 1084 1046 1147 ego
1081 1065 1235 1130 lectiones
1264 1067 1371 1131 varias
1403 1067 1475 1132 libri
1501 1069 1549 1133 De

351 1165 603 1251 praescriptione
628 1165 689 1230 hoc
713 1185 795 1229 anno
822 1167 908 1230 1905
933 1186 973 1230 ex
997 1186 1035 1230 eo
1059 1167 1190 1232 contuli.

455 1268 486 1333 5.
521 1269 645 1333 Primus
669 1288 767 1353 opera
791 1268 981 1333 Tertulliani
1006 1272 1096 1354 typis
1119 1272 1295 1336 1111111111
1319 1273 1548 1338 8111111111-

351 1392 462 1436 11111
496 1370 644 1436 Basileus
683 1371 778 1452 1521,
813 1370 937 1435 duobus
972 1371 1141 1436 codicibus
1178 1391 1268 1455 usus,
1303 1373 1403 1437 altero
1439 1375 1548 1440 Pater-

349 1475 491 1540 niacensi
515 1493 571 1538 seu
595 1472 848 1550 Seletstadiensi,
878 1476 979 1538 altero
1002 1474 1223 1558 Hirsaugiensi
1247 1496 1330 1540 nunc
1361 1475 1546 1560 deperdito,

351 1576 523 1642 editionem
547 1576 699 1660 repetivit
722 1578 847 1659 iterum,
876 1576 983 1641 multis
1019 1578 1207 1661 corruptelis
1242 1598 1299 1663 per
1331 1580 1546 1645 coniecturam

350 1678 493 1760 sublatis,
530 1698 613 1742 anno
640 1678 735 1760 1528,
772 1678 898 1742 tertium
922 1677 1021 1742 multo
1046 1677 1255 1760 emendatius,
1289 1679 1471 1746 Gorziensis
1495 1703 1545 1748 co·

349 1780 432 1846 dicis
456 1779 636 1845 conlatione
663 1780 762 1862 lacta,
787 1799 870 1843 anno
897 1779 992 1846 1539.
1039 1778 1222 1845 Editionem
1237 1780 1384 1845 Rhenani
1408 1785 1546 1848 correxit

349 1891 381 1948 et
413 1903 528 1948 novem
562 1881 723 1965 opusculis
758 1880 947 1945 Tertulliani
983 1882 1108 1947 omissis
1142 1883 1305 1968 supplevit
1340 1884 1545 1969 Ganpneiua,

347 1983 482 2049 Parisiis
519 1982 613 2047 1545.
662 1983 753 2046 Anno
792 1981 877 2046 1550
901 1982 1049 2047 Basileae
1081 2003 1166 2048 nova
1201 2004 1332 2067 operum
1356 1985 1545 2052 Tertulliani

348 2085 467 2170 prodiit
501 2085 599 2150 editio
623 2085 834 2170 Sipismandi
858 2085 1000 2166 Gclcait,
1034 2085 1096 2150 viri
1129 2085 1218 2150 hisce
1253 2086 1367 2150 litteris
1399 2085 1545 2170 adprime

347 2188 446 2271 docti,
470 2188 524 2271 qui
549 2208 589 2252 ex
614 2187 736 2269 codice,
773 2207 867 2268 quem
891 2206 931 2250 ex
956 2186 1110 2251 coenobio
1134 2187 1331 2252 Masburensi
1357 2189 1542 2255 Britanniae

346 2297 525 2374 acceperat,
567 2289 736 2355 duodecim
774 2289 894 2373 scripta
933 2289 1150 2353 Tertullianea
1186 2288 1379 2367 emendavit,
1418 2289 1452 2354 in
1490 2292 1541 2356 his

346 2394 461 2458 librum
486 2394 534 2458 De
558 2393 809 2476 praescriptione
833 2390 1075 2456 haereticorum.
1123 2391 1273 2472 Sequitur
1305 2390 1404 2456 editio
1429 2395 1544 2460 Iacchi

346 2496 501 2576 Panaetii,
536 2494 734 2579 Antverpiae
772 2494 866 2576 1519,
893 2499 926 2557 11
961 2494 1060 2558 multo
1097 2494 1209 2558 melior
1238 2494 1376 2559 Nicolai
1399 2497 1547 2581 1119111111,

345 2598 458 2681 altera,
483 2616 564 2680 quae
588 2596 708 2680 prodiit
731 2596 863 2661 Parisiis
889 2595 991 2676 1634,
1016 2595 1069 2661 hic
1092 2597 1213 2680 primus
1236 2596 1377 2662 excussit
1397 2598 1542 2681 Agebar·

346 2699 454 2765 diuum
479 2699 624 2765 codicem
648 2705 749 2764 totum
774 2700 905 2780 eiusque
921 2719 983 2783 ope
998 2699 1110 2762 mirum
1128 2704 1280 2781 quantum
1297 2719 1376 2782 opus
1394 2707 1541 2786 coeptum

344 2804 425 2868 iuvit
448 2810 545 2885 atque
568 2803 728 2886 provexit.
775 2804 888 2887 Mipac
913 2801 1007 2866 seriei
1038 2802 1157 2866 latinae
1180 2802 1385 2884 Patrologiae
1415 2803 1541 2869 initium

343 2905 423 2972 fecit
455 2906 496 2970 ab
535 2904 694 2990 Operibus
733 2903 924 2969 Tertulliani
962 2904 1037 2984 (vol.
1072 2905 1088 2967 l
1123 2910 1155 2967 et
1191 2904 1233 2984 II,
1272 2903 1375 2967 Paris.
1421 2905 1539 2988 1844);

274 3040 277 3044 *
344 3010 402 3072 Fr.
421 3007 542 3072 chlcr
565 3006 716 3070 maiorem
752 3005 924 3070 editionem
956 3005 1127 3090 adparavit
1150 3003 1283 3087 Lipsiae
1319 3004 1541 3070 1853-1854

344 3112 377 3190 (2
401 3109 490 3188 roll.)
515 3117 546 3173 et
570 3109 722 3172 minorem
746 3106 865 3172 ibidem
892 3107 988 3172 1854.
1034 3106 1163 3172 Oehleri
1179 3104 1278 3170 editio
1299 3107 1401 3170 maior
1417 3109 1539 3191 optima

343 3212 482 3278 omnium
498 3211 559 3275 fuit
575 3229 675 3293 usque
691 3210 733 3274 ad
750 3229 867 3274 annum
885 3210 981 3292 1890,
1006 3229 1068 3291 quo
1084 3209 1220 3292 primum
1236 3208 1384 3272 volumen
1401 3208 1542 3293 Operum

343 3314 533 3380 Tertulliani
559 3314 592 3377 in
617 3312 804 3377 collectione
839 3310 1037 3376 Academiae
1078 3309 1333 3376 Vindobonensis
1373 3310 1541 3378 ediderunt

342 3416 582 3483 Reifferscheid
617 3422 650 3481 et
673 3416 832 3481 Wissowa
856 3414 993 3499 (Corpus
1016 3415 1126 3497 script.
1152 3413 1268 3478 eccles.
1288 3413 1352 3489 lat,
1376 3414 1439 3479 vol.
1463 3415 1538 3497 XX,

342 3520 576 3600 Vindobonae),
602 3539 664 3601 quo
689 3519 890 3583 continentur
914 3517 996 3582 haec
1019 3517 1153 3600 scripta:
1177 3516 1227 3581 De
1250 3517 1454 3600 spectaculis,
1483 3517 1539 3582 Ad

341 3623 489 3688 nationes
512 3620 614 3697 1-11,
638 3619 690 3685 De
714 3619 895 3685 testimonio
920 3619 1057 3702 animae,
1086 3617 1273 3703 Scorpiace,
1308 3619 1359 3683 De
1383 3621 1538 3702 oratione,

341 3725 391 3790 De
415 3724 585 3808 baptismo,
609 3723 659 3788 De
683 3720 849 3806 pudicitia,
875 3721 927 3786 De
951 3720 1079 3802 ieiunio,
1104 3722 1154 3785 De
1178 3720 1294 3785 anima.

455 3827 645 3893 Versioaern
690 3826 919 3911 permanebam
964 3843 1095 3908 operum
1131 3822 1319 3887 Tertulliani
1358 3823 1538 3907 publicavit

340 3932 384 3995 Η.
408 3931 557 4010 11111111,
576 3928 769 3994 Tertullians
785 3926 954 3992 samtliche
970 3926 1145 4009 Schriften,
1171 3925 1322 3991 Coloniae
1339 3925 1541 4010 Agrippinae-

341 4032 438 4115 1882,
473 4033 494 4096 2
526 4031 601 4096 voll.
662 4029 851 4096 Tertulliani
886 4029 987 4094 vitam
1020 4028 1166 4113 depinxit
1201 4028 1422 4111 Noeldechen,
1461 4030 1540 4095 Ter-⁴

338 4135 461 4216 tullian,
486 4133 612 4199 Gothae
639 4133 740 4213 18903
777 4132 891 4215 quibus
920 4132 1116 4215 temporibus
1151 4130 1277 4213 singula
1312 4129 1380 4196 eius
1415 4132 1537 4216 scripta

338 4243 410 4302 orta
445 4236 520 4319 sint,
555 4235 613 4300 cfr.
638 4233 856 4316 Noeldechen,
893 4233 955 4298 Die
979 4231 1247 4316 Abfassungszeit
1282 4231 1341 4297 der
1371 4232 1541 4299 Schriften

337 4338 543 4422 Tertullians,
568 4337 699 4422 Lipsiae
725 4337 809 4402 1888
833 4338 950 4418 (Texte
973 4335 1039 4400 und
1063 4333 1352 4418 Untersuchungen
1377 4337 1404 4401 V
1428 4338 1473 4418 2).
