3584 5234
407 662 459 716 DE
478 660 815 718 PRAESCRIPTIONE
832 660 1143 718 HAERETICORUM
1162 662 1217 717 VII
1235 663 1332 716 6-10.
1444 663 1477 716 17

278 825 384 907 homo,
413 830 445 890 et
474 821 656 906 quomodo?
690 829 732 906 et,
766 823 852 906 quod
880 824 1026 908 proxime
1055 825 1263 891 Valentinus²
1295 826 1476 910 proposuit:

277 926 362 992 unde
386 925 487 991 deus?
523 926 647 991 scilicet
678 925 718 990 de
741 923 992 1009 ‘enthymesi’bl
1017 931 1050 991 et
1072 928 1331 992 ‘ectromate'⁰².

384 1023 596 1094 oMiscrum‘1
627 1026 866 1108 Aristotelem,
904 1028 958 1109 qui
990 1027 1054 1092 illis
1087 1026 1293 1093 dialecticam
1325 1029 1474 1106 instituit,

277 1130 436 1198 artificem
475 1129 620 1196 struendi
659 1137 691 1195 et
729 1128 931 1212 destruendi,
969 1129 1192 1214 versipellem³
1229 1132 1261 1194 in
1299 1132 1476 1215 sententiis,

278 1240 426 1300 cenetam
448 1233 482 1297 in
506 1233 707 1308 coniecturis,
732 1230 845 1297 duram
868 1231 902 1296 in
922 1235 1128 1316 argumentis,
1153 1234 1332 1318 operariam
1349 1241 1478 1300 conten-

277 1334 425 1419 tionemf,
449 1337 615 1402 molestam
639 1336 736 1401 etiam
760 1336 822 1402 sihi
845 1335 982 1421 ipsamss,
1011 1337 1117 1402 omnia
1141 1335 1401 1420 retractantemh,
1435 1357 1476 1402 ne

279 1439 356 1522 quid
382 1440 508 1505 omnino
532 1435 745 1505 tractaverint

385 1543 497 1607 rHinc
520 1541 595 1606 illae
622 1541 751 1607 fabulae
780 1548 814 1606 et
845 1540 1055 1625 genealogiae
1083 1539 1411 1622 indeterminabilcsk,
1446 1547 1478 1607 et

278 1645 480 1726 quaestiones
503 1643 752 1726 infructuosam,
786 1649 819 1709 ot
841 1663 1002 1709 sermones
1025 1648 1190 1728 serpentes
1213 1644 1300 1708 velut
1324 1646 1476 1727 cancer⁵,

278 1769 298 1812 a
321 1747 436 1830 quibus
459 1766 517 1811 nos
540 1745 705 1830 apostolus
729 1745 894 1812 refrenans
917 1746 1103 1811 nominatim
1126 1743 1379 1830 philosophiam¹
1403 1767 1477 1811 con·

279 1856 415 1915 testatur
444 1849 553 1915 caveri
582 1854 741 1932 oportere,
774 1849 918 1914 scribens
941 1847 984 1912 ad
1008 1848 1249 1914 Colossenses⁶2
1297 1850 1410 1914 Videte
1433 1871 1475 1914 ne

278 1957 382 2039 quiam
405 1957 448 2019 sit
465 1955 727 2019 circumveniens
744 1974 801 2018 uon
818 1974 885 2038 per
894 1953 1146 2037 philosophiam
1164 1961 1195 2017 et
1210 1954 1347 2018 inanem
1362 1953 1477 2019 saducss

279 2059 411 2139 tionem,
436 2058 619 2123 secundum
643 2056 859 2120 traditionem
882 2055 1063 2135 hominum,
1089 2062 1216 2138 praeter
1240 2054 1475 2139 providentiam

277 2159 407 2245 spiritus
431 2159 545 2224 sancti.
591 2159 740 2223 aFuerat
763 2157 899 2222 Athenis
923 2163 955 2222 et
975 2157 1069 2222 istam
1086 2157 1277 2242 sapientiam
1294 2155 1476 2240 humanam,

277 2262 523 2329 adfectatricem
546 2268 578 2326 et
594 2260 865 2345 interpolatricem
881 2258 1029 2324 veritatis
1045 2258 1086 2324 de
1103 2259 1328 2341 congressibus
1343 2266 1478 2325 noverat

277 2367 379 2451 ipsam
393 2386 519 2449 quoque
531 2367 564 2429 in
576 2373 672 2430 suasn
688 2364 838 2430 haereses
850 2362 1117 2447 multipartitam⁰
1128 2364 1308 2428 varictatel'
1318 2368 1477 2428 sectarum

277 2471 414 2534 invicem
437 2468 693 2553 repugnantium.

385 2571 499 2648 aQuid
523 2590 600 2653 ergo
624 2567 760 2634 Athenis
789 2574 822 2633 et
845 2567 1100 2652 Hierosolymis?
1134 2568 1210 2650 quid
1235 2569 1422 2634 academiae
1445 2576 1478 2635 et

279 2673 462 2739 ecclesiae?
495 2671 572 2756 quid
605 2671 776 2737 haereticis
806 2676 838 2735 et
871 2668 1078 2735 christianis?
1125 2697 1150 2735 ιο
1165 2672 1286 2739 Nostra
1317 2671 1476 2737 institutio

438 2893 453 2924 ⁸
474 2879 707 2937 Valentinianus
732 2877 788 2935 AS.
862 2876 1089 2949 benthpmeat‘n
1107 2880 1142 2932 A.
1224 2881 1423 2934 ⁰tectomarte
1442 2877 1477 2948 A,

439 2967 610 3021 tectromate
629 2963 684 3019 LS.
794 2962 810 3005 d
837 2965 879 3018 ita
899 2962 976 3032 Abo,
1003 2961 1145 3017 inserunt
1163 2963 1226 3018 Lac
1254 2970 1284 3019 et
1305 2963 1478 3031 Vaticanus

437 3041 486 3107 sei
504 3049 533 3107 S.
618 3047 827 3104 curiatorum
839 3048 874 3102 A.
949 3046 1165 3103 fcontentione
1179 3047 1254 3104 LSa..
1327 3050 1405 3102 sita
1419 3045 1476 3114 AS,

438 3136 542 3205 ipsum
561 3137 595 3201 L,
614 3133 678 3204 ipsi
697 3134 819 3203 abcopr.
930 3131 1148 3188 htractantem
1171 3132 1227 3187 LS.
1335 3132 1478 3187 irruera-

438 3219 538 3275 oerint
558 3220 592 3272 A.
706 3217 725 3258 1¹
743 3215 987 3272 interminabiles
1010 3215 1065 3284 Ao,
1095 3218 1148 3272 sed
1174 3219 1226 3272 cfr.
1246 3218 1324 3271 inira
1344 3233 1368 3271 c.
1388 3217 1423 3270 33
1447 3220 1477 3270 et

439 3303 517 3357 Adv.
536 3303 626 3357 Prax.
646 3303 671 3356 3.
780 3301 789 3342 l
810 3305 836 3355 et
855 3299 980 3355 inanem
1000 3300 1206 3357 seductionem
1225 3301 1344 3356 addunt
1361 3300 1476 3356 LSabc.

437 3397 462 3428 m
482 3387 536 3458 qui
556 3388 591 3442 A.
674 3399 691 3428 ¹1
711 3403 767 3442 om.
787 3385 821 3440 A.
907 3396 922 3427 0
941 3385 1166 3456 multipartitas
1184 3383 1267 3441 ALS.
1345 3384 1476 3439 uvaria-

439 3471 513 3527 tatia
531 3471 560 3528 S.

384 3647 574 3717 ῙῈνθύμησις
605 3649 635 3711 (i.
661 3663 685 3702 e.
720 3647 904 3701 desiderium
935 3646 984 3700 vel
1015 3646 1173 3715 cogitatio)
1206 3661 1225 3698 a
1255 3645 1476 3702 Valentinianis
1580 3633 1584 3641 ’

277 3739 382 3804 partus
405 3733 574 3786 inmaturus
602 3731 824 3801 adpellabatur,
854 3731 955 3785 editus
984 3746 1023 3785 cx
1054 3731 1204 3785 desiderio
1231 3730 1309 3785 male
1328 3737 1475 3799 concepto

277 3816 408 3887 Sophiae
428 3819 546 3884 aeonis3
566 3819 619 3871 cir.
639 3817 726 3883 Iram,
744 3815 822 3870 Adv.
843 3818 926 3872 haer.
946 3817 959 3869 Ι
978 3817 1004 3885 2,
1022 3817 1047 3870 4.
1125 3813 1137 3852 ²
1157 3815 1344 3870 ‘Valentinus
1363 3816 1475 3886 (fingit)

276 3904 403 3972 triginta
425 3905 522 3962 αἰῶνας
549 3909 578 3957 ct
603 3908 772 3957 extremum
791 3900 952 3969 Christum,
981 3917 1069 3970 quem
1100 3901 1232 3970 adpellat
1258 3901 1384 3968 ἔκιρωμα
1410 3900 1429 3952 i.
1450 3916 1475 3954 e.

278 3987 480 4054 abortivum,
507 3987 551 4040 ita
570 3985 700 4053 Hieron,
721 3985 756 4038 In
774 3983 868 4040 Amos
886 3985 913 4051 3,
925 3985 1021 4040 9-10.
1059 3985 1205 4040 Irenaeus
1233 3985 1366 4052 loquitur
1385 3983 1474 4051 (Adv.

277 4070 358 4124 haer.
378 4071 436 4135 18,
456 4070 483 4138 2)
504 4072 542 4125 de
562 4069 740 4138 Achamoth,
769 4072 818 4125 cui
848 4071 981 4124 salvator
1009 4071 1186 4140 adparuerit
1211 4070 1315 4122 ‘extra
1341 4069 1476 4138 pleroma
1585 4093 1587 4109 ÷

278 4155 436 4209 exsistenti
453 4156 485 4208 in
510 4155 675 4209 abortionis
703 4156 807 4224 partu'
826 4154 865 4222 (io
883 4155 1051 4223 ἕκτρώματος
1069 4155 1169 4222 μοίρᾳ).
1276 4149 1290 4188 ⁸
1307 4156 1473 4207 versutum.

276 4237 289 4275 ⁴
307 4240 322 4292 1
342 4238 417 4294 Tim.
437 4240 462 4308 1,
480 4241 507 4308 4,
535 4255 625 4310 quem
643 4241 744 4294 locum
764 4239 802 4294 de
821 4241 982 4295 haereticis
1002 4254 1130 4295 aeonum
1159 4238 1357 4308 genealogias
1385 4239 1475 4292 fabri·

277 4325 416 4379 cautibus
436 4325 652 4393 interpretatur
672 4329 786 4378 auctor.
887 4321 901 4360 ⁵
918 4324 935 4379 2
954 4324 1029 4378 Tim.
1049 4325 1074 4392 2,
1094 4324 1136 4377 17.
1237 4321 1329 4378 ⁶001.
1349 4323 1374 4391 2,
1393 4323 1419 4378 8.

330 4423 510 4474 Rauschen,
524 4423 691 4477 Florllcglum
705 4423 747 4467 IV.
1245 4407 1262 4461 2
