3584 5234
735 700 949 758 Anrnunrx.
1420 690 1455 744 65

363 877 406 940 Et
429 880 478 939 est
500 870 686 958 plenissima
710 867 791 934 haee
824 863 974 946 ostensio,
1007 882 1103 927 unam
1132 866 1164 925 et
1191 857 1328 924 eandem
1351 855 1457 921 uirili-

258 980 411 1046 oatrieem
441 976 542 1041 iidem
566 993 646 1055 esse,
678 991 761 1054 quae
785 970 818 1033 in
841 967 979 1033 eeclesia
1003 967 1044 1031 ab
1068 963 1223 1049 apostolis
1247 980 1348 1042 usque
1371 980 1456 1025 nuno

257 1084 299 1150 sit
323 1084 513 1147 oonservata
536 1081 569 1141 et
593 1074 713 1139 tradita
736 1072 767 1136 in
792 1072 938 1136 veritate.

302 1186 332 1248 4.
367 1182 432 1249 Kal
467 1180 705 1261 Πολύκαρπος1
741 1176 775 1239 δὲ
805 1176 843 1237 οὐ
917 1174 948 1236 4.
973 1171 1016 1236 Et
1038 1170 1236 1255 Polycarpus
1260 1173 1365 1232 autem
1395 1189 1458 1234 non

258 1288 359 1371 μόνον
367 1282 624 1349 δπὸάποοτόλων
631 1277 845 1361 μαθητευθεὶς
873 1277 975 1342 solum
1005 1275 1046 1339 ab
1074 1272 1229 1357 apostolis
1262 1270 1395 1336 edoctus
1427 1277 1460 1336 et

259 1390 313 1455 καὶ
336 1383 602 1467 συναναστραφεὶς
627 1383 754 1451 πολλοῖς
782 1387 846 1450 τοῖς
874 1383 1081 1444 conversatus
1104 1395 1176 1440 eum
1205 1374 1314 1439 multis
1338 1394 1378 1438 ex
1402 1375 1460 1456 eie,

259 1475 313 1555 ιιι
344 1490 455 1571 κύριοι
479 1486 655 1569 rotarat,
691 1483 768 1547 αιια
792 1483 845 1546 και
874 1482 929 1565 qur
954 1480 1116 1545 dominum
1139 1483 1280 1542 nostrum
1300 1475 1460 1560 viderunt,

260 1593 324 1657 out
349 1590 536 1654 ἀποστόλων
565 1587 770 1655 κατασταθεὶς
803 1586 847 1656 εἰς
874 1585 933 1651 sed
957 1584 1055 1649 etiam
1078 1581 1119 1646 ab
1143 1582 1298 1664 apostolis
1325 1582 1359 1645 in
1382 1581 1461 1646 Asia

261 1697 316 1779 τὴν
352 1694 459 1757 Ἀσίαν
497 1693 530 1754 ἓν
567 1696 605 1773 τῇ
643 1691 676 1752 ἓν
710 1689 845 1770 Σμύρνῃ
873 1689 908 1751 in
932 1707 971 1752 ea
987 1705 1069 1768 quae
1086 1691 1135 1750 est
1147 1685 1305 1769 Smyrnae
1323 1684 1462 1751 ecelesia

262 1798 410 1879 ἐκκλησίᾳ
432 1795 613 1873 ἐπίσκοπος,
638 1793 674 1855 ὃν
690 1792 743 1853 καὶ
758 1793 848 1873 ἡμεῖς
876 1789 1066 1856 constitutus
1102 1790 1280 1873 episeopus,
1312 1808 1405 1871 quem
1429 1795 1462 1853 et

262 1900 441 1981 ἑοράκαμεν
476 1897 508 1959 ἐν
541 1902 579 1978 τῇ
611 1895 721 1976 πρώτη
754 1894 848 1976 ἡμῶν
875 1912 935 1957 nos
972 1890 1111 1956 vidimus
1145 1891 1178 1955 in
1212 1891 1317 1974 prima
1353 1897 1463 1956 nostra

263 2000 388 2084 ἡλικίαι2
412 1997 475 2078 (ἐπὶ
489 1996 570 2061 πολὺ
586 1996 646 2079 γὰρ
665 1996 849 2078 παρέμεινεν
878 2001 986 2060 aetate
1010 1993 1157 2073 (multum
1180 1995 1264 2058 enim
1280 2014 1463 2079 persevera·

265 2103 319 2166 καὶ
341 2103 425 2165 πάνυ
453 2101 607 2184 γηραλέος
635 2099 775 2172 ἐνδόξως
797 2096 851 2161 καὶ
879 2097 936 2180 uit,
961 2103 993 2161 et
1009 2095 1105 2161 valde
1121 2116 1219 2161 senex
1235 2097 1464 2181 gloriosissime

265 2206 490 2287 ἐπιφανέστατα
498 2204 711 2286 μαρτυρήσας,
721 2201 852 2284 ἐξῆλθεν
879 2204 912 2264 et
927 2198 1124 2264 nobilissime
1139 2202 1326 2285 martyrium
1342 2201 1465 2274 faciens

264 2315 320 2370 τοῦ
349 2308 445 2389 βίον),
469 2311 563 2368 ταῦτα
593 2304 722 2376 διδάξας
751 2303 806 2377 ἀεί,
831 2304 851 2365 ἃ
880 2302 982 2367 exivit
1006 2300 1046 2366 de
1070 2300 1132 2366 hae
1149 2303 1228 2382 vita)
1254 2303 1335 2370 haee
1355 2303 1465 2369 docuit

265 2410 318 2472 καὶ
333 2408 421 2490 παρὰ
436 2412 501 2471 τῶν
517 2406 702 2471 ἀποστόλων
721 2405 851 2487 ἔμαθεν,
880 2424 1017 2488 semper,
1042 2424 1125 2487 quae
1149 2406 1190 2470 ab
1206 2407 1359 2491 apostolis
1383 2406 1466 2472 didi·

267 2515 286 2574 ἃ
311 2511 406 2593 καὶὴ
438 2509 586 2590 ἐκκλησία
623 2508 851 2591 παραδίδωσιν,
881 2513 981 2588 eerat,
998 2528 1081 2590 quae
1093 2516 1126 2573 et
1139 2511 1315 2575 eeclesia-ei·
1332 2509 1466 2575 tradidit

265 2613 363 2676 ἃκαὶ
390 2612 474 2694 μόνα
503 2611 583 2674 ἐστίν
611 2611 725 2694 ἀληθῆ.
759 2609 852 2691 Μαρ-
881 2617 913 2675 et
937 2609 1006 2675 sola
1030 2619 1102 2677 sunt
1134 2632 1220 2679 vera.
1267 2614 1467 2679 Testimonia

265 2722 393 2797 τνροῦσι
437 2715 558 2784 τούτοις
600 2715 632 2776 οἱ
674 2715 753 2776 κατὰ
797 2711 853 2793 τὴν
881 2718 932 2784 his
955 2717 1124 2802 perhibent
1148 2737 1229 2799 quae
1245 2716 1368 2781 suntin
1387 2716 1467 2780 Asia

265 2818 366 2881 Ἀσίαν
406 2817 566 2900 ἐκκλησίαι
603 2822 700 2879 πᾶσαι
735 2814 788 2878 καὶ
824 2816 854 2878 οἱ
882 2821 1039 2887 ecclesiae
1074 2840 1183 2885 omnes
1218 2826 1250 2884 et
1279 2820 1333 2901 qui
1367 2838 1467 2900 usque

267 2922 359 3003 μέχρι
409 2925 466 2983 νῦν
517 2919 749 3000 διοδεὸενμένοι
800 2917 854 2980 τὸν
882 2923 990 2989 adhue
1022 2928 1243 2989 suooesserunt
1274 2922 1467 3006 Polyearpo,

267 3022 495 3106 Hellomenon,
536 3021 646 3103 πολλαί
684 3020 853 3094 ἀξιοπιστό·
882 3028 937 3109 qui
949 3028 998 3092 vir
1009 3025 1109 3090 multo
1122 3026 1251 3090 maioris
1267 3025 1469 3091 auctoritatis

268 3149 358 3207 τερον
382 3125 435 3188 καὶ
471 3124 673 3208 βεβαιότερον
705 3123 854 3206 ἀληθείας
883 3137 916 3195 et
939 3128 1068 3194 fidelior
1103 3127 1249 3193 veritatis
1281 3134 1330 3192 est
1366 3128 1468 3202 testie,

267 3227 414 3308 μάρτυρα
451 3227 526 3290 ὄντα
564 3226 769 3290 Οὐαλεντίνου
801 3225 855 3288 καὶ
883 3252 978 3315 quam
1004 3231 1193 3295 Valentinus
1216 3238 1249 3295 et
1268 3231 1413 3295 Marcion
1436 3236 1469 3294 et

269 3325 468 3409 Μαρκίωνος
491 3329 545 3392 καὶ
567 3335 631 3392 τῶν
653 3329 773 3392 λοιπῶν
796 3353 853 3391 κο·
883 3335 1007 3417 reliqui,
1033 3334 1087 3416 qui
1110 3340 1185 3398 sunt
1207 3352 1379 3418 perversae
1401 3352 1469 3398 sen-

270 3430 506 3513 ιιοννωμόνοιν·
550 3433 586 3502 ὃς
613 3432 667 3495 καὶ
700 3431 749 3494 ἐπὶ
782 3431 854 3494 ’Ave
883 3438 1014 3503 tentiae.
1061 3438 1095 3502 Is
1118 3438 1201 3501 enim
1232 3443 1290 3513 est,
1327 3437 1381 3519 qui
1410 3436 1468 3501 sub

270 3534 369 3615 κότον
405 3533 601 3616 ἐπιδημήσας
638 3542 676 3619 τῇ
710 3527 1021 3634 ῬώμηξίΑαίοείο
1034 3560 1105 3604 oum
1116 3539 1339 3606 advenissetin
1347 3539 1469 3621 urbem,

377 3685 388 3721 ¹
408 3687 487 3753 Eus,
507 3688 543 3742 H.
564 3705 588 3743 e.
607 3689 649 3744 IV
668 3692 711 3760 14,
730 3693 774 3747 3-
783 3695 807 3748 8.
918 3694 1032 3752 ²ldem
1052 3703 1157 3752 narrat
1173 3697 1254 3765 (εἶδον
1273 3697 1322 3766 γὰρ
1340 3706 1401 3756 παῖς
1420 3697 1471 3766 ὤν)

270 3769 416 3825 Irenaeus
436 3773 468 3824 in
487 3774 615 3841 epistula
629 3777 667 3830 ad
682 3776 836 3832 Florinum
856 3781 939 3849 apud
953 3781 1031 3849 Eus,
1045 3782 1082 3836 H.
1096 3798 1121 3837 e.
1135 3782 1161 3836 V
1173 3783 1217 3851 20,
1230 3783 1254 3836 5.
1334 3779 1471 3852 3ρναοαε

271 3855 445 3925 denotantia
475 3859 564 3912 etiam
585 3859 715 3916 Rufinus
738 3878 817 3932 quae
846 3867 930 3935 apud
949 3867 1113 3922 Eusebium
1139 3868 1215 3938 legit
1233 3868 1276 3923 ita
1297 3869 1403 3924 vertit:
1431 3868 1472 3923 ‘et

272 3939 346 3992 haee
366 3941 513 3997 eeclesiae
532 3944 695 4014 tradebat'3
724 3947 778 4001 sed
797 3949 871 4002 nihil
892 3952 926 4004 in
945 3956 1032 4006 textu
1051 3968 1162 4022 graeco
1181 3953 1393 4007 inmutandum
1411 3956 1472 4022 εει,

271 4038 342 4075 nam
363 4025 455 4092 paulo
478 4032 545 4095 post
565 4029 689 4098 legitur:
707 4033 803 4100 ταύτην
815 4033 943 4102 ἀλήθειαν
963 4077 968 4089 .
989 4077 994 4090 .
1016 4077 1022 4090 .
1042 4037 1089 4106 τὴν
1108 4037 1159 4090 ὑπὸ
1178 4046 1222 4107 τῆς
1235 4038 1378 4106 ἐκκλησίας
1390 4059 1472 4106 παρα·

272 4107 424 4175 δεδομένην.
524 4108 536 4146 4
555 4112 620 4166 Hoo
639 4115 696 4168 iter
713 4117 827 4170 laetum
848 4124 892 4172 est
911 4121 1036 4176 ineunte
1056 4123 1219 4191 ann01553
1238 4138 1308 4176 nam
1327 4121 1472 4178 Anicetus

273 4192 453 4260 episcopatu
471 4193 608 4251 Romano
638 4200 725 4253 annis
745 4200 886 4257 155-166
914 4205 1038 4260 functus
1066 4213 1111 4260 est
1131 4213 1161 4261 et
1179 4207 1367 4277 Polycarpus
1391 4224 1472 4262 anno

274 4275 325 4329 155
336 4281 475 4332 vertente
494 4294 668 4349 supremum
684 4285 759 4339 obiit
778 4285 865 4341 diem.
896 4289 1040 4345 Eiusdem
1053 4292 1171 4346 itineris
1180 4293 1316 4348 meminit
1326 4293 1472 4348 Irenaeus

274 4361 305 4413 in
326 4362 456 4429 epistula
475 4363 514 4416 ad
534 4364 685 4421 Victorem
705 4384 815 4438 papam
835 4374 919 4441 apud
939 4374 1017 4442 llus,
1036 4374 1073 4429 H.
1093 4391 1118 4430 e.
1138 4376 1164 4432 V
1183 4377 1287 4445 24,16.

327 4459 507 4515 Rausohen,
523 4463 691 4518 Florilegium
705 4467 750 4511 IV.
1257 4481 1275 4536 5
