3584 5234
489 674 541 727 DE
561 671 896 729 PRAESCRIPTIONE
915 671 1225 729 HAERETIOORUM
1244 674 1292 727 Vl.
1440 672 1489 727 ¹15

292 943 348 1007 VI.
395 946 560 1008 Haereses
584 945 625 1008 ob
650 944 806 1008 electione
829 963 950 1007 aenaea
973 944 1113 1007 sortitae
1137 952 1226 1024 snat,
1250 964 1316 1028 qao
1332 944 1407 1028 qais
1422 942 1491 1007 siae

350 1047 397 1110 od
420 1046 646 1111 instituendos
669 1048 737 1111 sice
761 1047 807 1110 ool
830 1045 1063 1129 suscipiendas
1088 1067 1144 1110 eos
1167 1047 1276 1110 ntitas·
1299 1053 1329 1110 et
1354 1053 1434 1110 teste

649 1149 800 1233 apostolo
824 1170 858 1212 se
882 1149 954 1231 ipse
979 1147 1128 1213 domant.

398 1286 467 1352 Nec
501 1285 620 1350 diutius
653 1284 694 1350 de
728 1287 799 1367 isto,
835 1287 861 1350 si
891 1284 977 1350 idem
1009 1292 1078 1350 esta
1107 1285 1236 1361 Paulus,
1270 1286 1324 1368 qui
1354 1295 1386 1351 et
1414 1286 1491 1351 alibi

292 1387 441 1453 haereses
464 1389 547 1452 inter
571 1389 713 1453 carnalia
738 1389 871 1452 erimina
902 1386 1089 1452 enumeratb
1119 1388 1261 1453 scribens
1291 1386 1333 1452 ad
1357 1388 1491 1454 Galatas

292 1490 401 1572 etqui
426 1491 500 1556 'lito
530 1491 676 1574 suggerit
688 1492 709 1568 ¹,
743 1489 903 1554 hominem
932 1488 1128 1554 haereticum
1156 1495 1229 1574 post
1256 1491 1390 1573 primam
1425 1510 1492 1555 cor-

292 1593 468 1676 reptionem
492 1591 714 1673 recusandum,
740 1590 825 1673 quod
849 1610 1019 1675 perversus
1034 1591 1076 1655 sit
1093 1590 1248 1656 eiusmodi
1266 1597 1299 1655 et
1315 1590 1492 1674 delinquat,

291 1702 325 1758 ut
350 1694 558 1780 asemetipso
583 1693 762 1760 damnatus.
821 1719 834 1757 a
857 1693 924 1759 Sed
949 1699 982 1758 et
1004 1694 1037 1757 in
1061 1694 1146 1757 omni
1169 1713 1272 1778 paene
1297 1692 1434 1777 epistula
1451 1693 1491 1758 de

291 1795 479 1862 adulterinis
504 1796 658 1862 doctrinis
681 1795 845 1880 fugiendis
868 1795 1032 1860 inculcans
1057 1794 1204 1861 haereses
1232 1801 1333 1878 taxat,
1359 1816 1491 1878 quarum

292 1894 410 1982 opera⁰
442 1906 515 1964 sunt
544 1898 708 1963 adulterae
737 1897 917 1963 doctrinae:
953 1897 1102 1962 haereses
1126 1896 1233 1961 dictae
1263 1917 1383 1981 graeca
1411 1917 1491 1963 voce

292 2021 333 2065 eu
356 2002 619 2087 interpretatione
643 2000 818 2083 electidnis,
849 2020 913 2082 qua
936 2002 1007 2082 quis
1030 1996 1190 2065 manimed
1214 1999 1256 2065 ad
1280 1999 1492 2065 instituendas

291 2104 360 2168 sive
393 2103 435 2167 ad
468 2104 690 2188 suscipiendas
725 2123 780 2168 eas
812 2103 942 2167 stituit
1001 2101 1115 2167 aldeo
1148 2109 1181 2166 et
1210 2103 1271 2167 sibi
1307 2101 1490 2166 damnatum

291 2209 374 2274 dixit
398 2209 625 2294 haereticum,
650 2212 725 2292 quia
749 2211 837 2274 etin
861 2229 924 2291 quo
949 2208 1128 2290 damnatur,
1158 2208 1219 2273 sibi
1243 2209 1350 2292 elegit.
1390 2208 1492 2277 Nobis

291 2333 367 2378 vero
391 2314 472 2380 nihil
497 2333 537 2378 ex
563 2321 671 2379 nostro
697 2314 829 2378 arbitrtu
853 2308 1041 2413 indulgeref
1068 2312 1154 2393 licet,
1179 2310 1237 2376 sed
1270 2312 1329 2375 nec
1361 2311 1491 2394 eligere,

293 2415 376 2497 quod
411 2410 526 2498 aliquis
560 2416 601 2481 de
635 2417 766 2480 arbitrio
800 2435 856 2480 suo
889 2413 1063 2478 induxerit.
1124 2439 1137 2477 4
1166 2414 1339 2497 Apostolos
1372 2412 1493 2476 domini
1542 2476 1544 2485 ,

291 2517 447 2583 habemus
471 2525 629 2601 auctores,
655 2519 710 2601 qui
734 2537 793 2582 nec
817 2517 879 2601 ipsi
904 2517 1076 2598 quicquam
1100 2536 1140 2580 ex
1164 2536 1221 2580 suo
1239 2516 1382 2596 arbitrio,
1406 2514 1491 2597 quod

292 2616 492 2700 inducerent,
517 2619 693 2702 elegerunt,
718 2618 775 2683 sed
800 2623 967 2702 acceptam
992 2639 1011 2681 a
1035 2618 1161 2683 Christo
1186 2617 1387 2702 disciplinam
1411 2616 1492 2682 fide-

293 2721 366 2784 liter
398 2721 581 2788 nationibus
614 2721 875 2804 adsignaverunt.
939 2721 1090 2803 sltaque
1123 2721 1248 2786 etiamsi
1285 2720 1419 2803 angelus
1451 2719 1493 2784 de

294 2823 392 2890 caelis
417 2825 510 2890 aliter
534 2825 779 2908 evangelizaret,
804 2823 977 2889 anathema
1002 2823 1162 2889 diceretur
1178 2845 1198 2888 a
1213 2823 1335 2890 nobisi.
1381 2824 1492 2888 cPro·

293 2925 419 2992 viderat
442 2929 506 2992 iam
531 2935 606 2993 tunc
636 2929 766 3013 spiritus
799 2933 928 2992 sanctus
960 2927 1102 2991 futurum
1134 2928 1167 2991 in
1195 2926 1320 3009 virgine
1354 2925 1492 3009 quadam

292 3027 482 3095 Philumene
506 3031 654 3115 angelum
678 3029 885 3110 seductionis,
915 3029 1199 3114 transfigurantem
1229 3049 1263 3094 se
1287 3031 1319 3093 in
1343 3028 1492 3113 angelum

180 3124 182 3128 ’
293 3131 385 3213 lucis,
426 3135 515 3199 cuius
554 3134 655 3217 signis
695 3141 727 3199 et
769 3133 953 3218 praestigiis
991 3133 1122 3217 Apelles
1164 3131 1338 3197 inductusss
1376 3152 1492 3196 novam

293 3231 462 3298 haeresinh
485 3234 612 3300 induxit
622 3238 645 3300 4.

455 3431 511 3482 aa
530 3428 585 3484 LS.
678 3430 856 3484 naamani
873 3429 909 3483 A.
1019 3437 1135 3497 copore
1153 3427 1188 3482 Α.
1285 3426 1411 3496 ditaA,
1430 3426 1492 3482 sive

455 3514 555 3567 ceteri.
648 3514 719 3567 eoo
737 3510 923 3567 hoereticum
941 3510 977 3566 A.
1063 3511 1237 3567 fiadacere
1256 3530 1291 3582 pr
1311 3528 1379 3566 cum
1399 3527 1422 3566 s.
1441 3510 1493 3566 Isi·

457 3598 540 3666 doro,
568 3597 650 3667 Orig.
670 3597 740 3653 VIII
754 3599 779 3664 3,
808 3599 860 3667 qui
889 3598 964 3653 haee
993 3599 1089 3651 verba
1117 3597 1296 3652 Tertulliani
1324 3598 1493 3667 exscripsit,

455 3683 553 3737 sedis
573 3683 674 3737 multis
693 3683 766 3737 locis
780 3698 798 3736 a
812 3687 899 3737 textu
912 3683 1023 3737 tradito
1037 3684 1169 3738 recessit.
1246 3693 1263 3734 s
1282 3684 1429 3739 deductas
1448 3698 1492 3751 pr.

454 3766 472 3808 h
491 3770 534 3822 ita
552 3766 598 3822 Ao
619 3769 738 3837 passim.

292 3973 295 3977 ¹
402 3904 413 3942 ¹
433 3905 498 3962 Gal.
518 3906 542 3975 5,
562 3906 613 3975 203
632 3906 690 3960 Tit.
709 3907 735 3970 3,
759 3907 872 3960 10-11.
993 3903 1166 3962 2Haeresis
1185 3911 1230 3962 est
1249 3907 1367 3974 electio,
1388 3906 1493 3959 haere-

295 3993 371 4045 ticus
390 4007 535 4061 perversa
555 3992 700 4062 dogmata
719 3991 860 4060 eligendo
881 3991 920 4044 ab
941 3992 1069 4046 ecelesia
1087 3992 1216 4060 recedit3
1240 3992 1402 4059 eapropter
1422 3988 1493 4043 Ter·

295 4076 438 4131 tullianus
469 4077 625 4132 adulteras
658 4077 811 4131 doctrinas
843 4091 938 4145 opera
968 4077 987 4129 i.
1020 4091 1045 4131 e.
1077 4078 1195 4132 fructus
1225 4076 1358 4130 haeresis
1393 4079 1493 4129 vocat.

296 4157 389 4216 ³Gal.
410 4163 434 4228 1,
453 4162 479 4217 8.
586 4159 701 4216 ⁴Haec
719 4163 808 4230 virgo
827 4161 1013 4226 Philumene,
1043 4162 1081 4216 de
1109 4177 1170 4230 qua
1188 4161 1267 4215 idem
1287 4159 1492 4214 Tertullianus

294 4246 375 4299 inira
394 4261 418 4300 c.
437 4247 473 4300 30
492 4247 564 4316 agit,
583 4247 691 4315 spiritu
711 4246 868 4301 cuiusdam
889 4246 1045 4301 daemonis
1060 4250 1128 4301 aeta
1148 4245 1242 4299 multa
1260 4245 1428 4299 vaticinata
1447 4250 1493 4298 est

295 4338 326 4387 et
344 4331 489 4401 Apellem,
508 4331 669 4387 Marcionis
689 4333 822 4401 gnostici
843 4331 1034 4401 discipulum,
1054 4347 1157 4387 amore
1170 4332 1213 4385 ita
1233 4332 1321 4400 cepit,
1339 4334 1376 4384 ut
1395 4331 1420 4384 is
1438 4329 1492 4384 ‘ab
