3584 5234
293 734 299 753 ἴ
349 620 382 707 x,
393 662 445 716 DE
465 661 800 718 PRAESCRIPTIONE
820 662 1128 719 HAERETICORUM
1151 665 1208 719 XX
1226 665 1360 719 e-XXI
1381 666 1406 719 6.
1463 665 1497 720 31

297 812 482 891 =tesseratioa
514 825 775 909 hospitalitatis1.
822 824 951 902 oQuae
984 827 1055 890 iura
1090 847 1153 890 non
1188 827 1252 891 alia
1287 829 1367 892 ratio
1403 828 1497 911 regit,

298 949 392 1011 quam
416 927 559 993 eiusdem
583 929 795 993 sacramenti²
820 948 882 993 una
907 928 1047 994 traditio.

297 1137 390 1203 XXI.
437 1137 590 1205 ‘Constat
624 1159 753 1202 ornnem
788 1138 987 1220 doctrinam,
1024 1160 1108 1222 quoe
1141 1160 1216 1203 cum
1250 1139 1320 1203 iilis
1353 1141 1498 1205 ecclesiis

297 1243 490 1326 apostolicis
520 1242 717 1305 matricibus
747 1248 777 1305 et
802 1242 1024 1325 oripiuuiibus
1045 1242 1126 1327 fidoi
1150 1243 1327 1326 conspiret,
1363 1244 1499 1308 ueritati

470 1345 717 1427 deputandam:
740 1343 800 1408 boc
823 1351 872 1408 esi
895 1345 1123 1408 testimouium
1146 1345 1324 1408 oeriiotis’.

403 1481 487 1547 Hinc
516 1482 614 1565 igitur
642 1481 809 1565 dirigimus
837 1483 1123 1567 praescriptionem
1132 1484 1154 1563 ³,
1188 1483 1215 1547 si
1251 1481 1330 1547 deus
1354 1482 1498 1547 Christus

296 1583 409 1650 Iesusb
426 1585 589 1669 apostolos
604 1585 691 1649 misit
707 1583 749 1649 ad
763 1582 1028 1668 praedicandum,
1045 1585 1126 1649 alios
1138 1606 1200 1650 non
1214 1604 1284 1650 esse
1296 1583 1498 1668 recipiendos

295 1688 545 1772 praedicatores,
571 1696 687 1779 quamc
711 1687 856 1752 Christus
880 1688 1031 1769 instituit;
1056 1713 1068 1750 2
1086 1689 1161 1770 quia
1176 1684 1258 1753 necd
1275 1688 1356 1753 alius
1373 1695 1497 1772 patrem

295 1791 385 1855 novit
408 1792 469 1856 nisi
493 1790 590 1872 filius,
616 1796 649 1855 et
673 1791 723 1854 cui
747 1790 837 1855 filius
860 1790 1055 1871 revelavit43
1080 1810 1139 1854 neo
1163 1791 1235 1855 aliis
1259 1789 1386 1855 videtur
1409 1810 1497 1856 reve·

257 1952 259 1957 ,
296 1893 380 1958 lasse
403 1893 500 1975 iilius,
526 1912 621 1974 quam
646 1892 809 1975 apostolis,
835 1912 915 1974 quos
938 1892 1024 1956 misit
1041 1890 1083 1955 ad
1099 1890 1362 1975 praedicandum,
1388 1893 1497 1974 utique

295 1994 381 2077 quod
405 1994 468 2059 illis
491 1994 658 2059 revelavit.
705 2019 717 2058 a
742 1992 827 2071 Quid
851 2000 959 2058 autem
982 1992 1253 2078 praedicaverint,
1277 1993 1377 2058 idest
1399 1993 1497 2076 quide

295 2097 357 2162 illis
381 2097 526 2162 Christus
550 2095 750 2172 revelaverit,
784 2101 817 2160 et
841 2094 893 2160 hic
917 2095 1135 2179 praescribam
1159 2116 1221 2160 non
1246 2096 1340 2160 aliter
1368 2097 1496 2180 probari

295 2200 420 2282 debere,
446 2200 507 2264 uisi
532 2219 589 2282 per
606 2198 736 2264 easdem
753 2197 917 2281 ecclesias,
944 2218 1023 2280 quas
1039 2198 1102 2283 ipsi
1118 2199 1256 2282 apostoli
1274 2197 1496 2280 condiderunt,

294 2303 355 2387 ipsi
384 2304 430 2367 eis
459 2300 679 2386 praedicando
709 2308 774 2365 tam
804 2301 889 2384 viva,
926 2300 1013 2383 quod
1045 2301 1146 2382 aiunt,
1181 2321 1271 2383 voce,
1309 2321 1404 2383 quam
1437 2321 1495 2385 per

295 2404 448 2488 epistulas
472 2411 595 2488 postea.

400 2531 414 2568 4
442 2505 478 2570 Si
501 2504 583 2570 haee
612 2505 658 2571 ita
681 2514 764 2588 sunt,
802 2512 929 2570 constat
961 2503 1116 2590 proindef
1147 2526 1272 2571 omnem
1305 2505 1494 2588 doctrinam,

296 2629 377 2691 quae
402 2607 560 2673 cumillis
589 2608 734 2674 ecclesiis
763 2609 950 2693 apostolicis
983 2609 1190 2675 matricibus⁵
1220 2616 1253 2674 et
1288 2607 1496 2692 originalibus

293 2710 375 2776 fidei
399 2711 593 2795 conspiretss,
622 2711 752 2777 veritati
776 2710 1005 2796 deputandam,
1030 2709 1092 2776 idh
1108 2713 1177 2778 sine
1194 2711 1292 2777 dubio
1308 2708 1495 2792 tenentem,

294 2812 379 2897 quod
404 2813 560 2878 ecclesiae
584 2813 626 2878 ab
649 2813 814 2899 apostolis,
845 2814 982 2898 apostoli
1007 2835 1027 2879 a
1052 2814 1190 2897 Christo,
1224 2814 1368 2879 Christus
1391 2835 1410 2878 a
1434 2812 1495 2878 deo

293 2912 458 3001 accepit&
488 2940 501 2980 5
518 2935 643 2980 omnem
659 2935 736 2982 vero
753 2915 946 2982 doctrinam¹
964 2916 1005 2982 de
1018 2916 1185 2982 mendacio
1198 2914 1494 3002 praeiudicandam,

293 3037 375 3101 quae
398 3017 505 3102 sapiat
522 3023 634 3082 contra
650 3018 819 3082 veritatem
835 3019 1043 3084 ecclesiarum
1060 3024 1093 3083 et
1111 3017 1328 3103 apostolorum
1345 3017 1496 3082 Christim

294 3128 326 3185 et
353 3119 416 3185 dei.
463 3118 654 3205 eSuperest
687 3139 775 3202 ergo,
808 3121 855 3184 uti
885 3120 1148 3201 demonstremus,
1182 3141 1223 3185 an
1253 3119 1356 3184 haec¹¹
1386 3126 1495 3185 nostra

406 3326 409 3331 ’
454 3306 707 3364 remeaturos.
799 3311 876 3363 bita
898 3308 982 3377 ALS,
1000 3308 1215 3365 dominicales
1237 3309 1304 3365 Chr.
1324 3312 1427 3379 abcpr,
1446 3310 1497 3364 do·

454 3392 559 3448 minus
580 3392 649 3447 θὴν.
667 3396 721 3448 Ios.
742 3409 768 3447 0.
864 3403 878 3436 0
898 3409 974 3464 quos
993 3394 1062 3447 add.
1082 3392 1197 3448 LSabc.
1291 3391 1353 3448 det
1372 3409 1425 3448 occ
1445 3392 1495 3448 Sa.

454 3479 571 3546 equod
588 3475 624 3530 A.
702 3475 774 3530 fita
795 3476 851 3546 Αο,
872 3475 1005 3546 proinde
1025 3479 1126 3532 ceteri.
1209 3475 1419 3546 &conspirent
1437 3475 1495 3533 AS.

454 3559 519 3616 het
538 3560 566 3616 S.
648 3559 807 3616 iterrentes
825 3559 910 3616 ALS.
1001 3561 1172 3633 ksusoepit
1192 3561 1306 3618 LSabc.
1398 3559 1497 3616 lreli·

454 3662 548 3715 quam
576 3661 645 3785 egro
681 3661 799 3700 omnem
826 3645 941 3702 LSabc.
1086 3658 1111 3689 11²
1139 3650 1166 3702 et
1196 3645 1312 3702 Christi
1340 3646 1494 3716 LSabcpr.

453 3730 585 3785 11om.L
611 3771 616 3784 .

398 3889 409 3926 1
427 3891 464 3945 Et
483 3891 575 3946 libelli
593 3893 678 3962 pacis
707 3893 867 3961 (panisque
895 3893 1121 3961 eucharisticae,
1151 3908 1241 3962 quem
1261 3898 1336 3947 teste
1361 3891 1493 3946 Eusebio

290 3974 328 4030 H.
348 3991 374 4030 e.
392 3974 419 4030 V
437 3976 472 4030 24
491 3978 626 4046 episcopi
645 3977 781 4046 paschali
800 3982 937 4048 tempore
955 3977 1032 4032 alter
1045 3979 1131 4033 alteri
1144 3979 1314 4043 mittebant)
1335 3981 1364 4031 et
1383 3990 1494 4030 nomen

291 4062 489 4116 fraternitatis
509 4066 539 4116 et
557 4067 691 4121 tesserae
711 4062 854 4131 (σύμβολα)
879 4062 1101 4132 hospitalitatis,
1131 4078 1207 4132 quae
1239 4062 1386 4116 ecclesiae
1414 4062 1494 4115 inter

290 4159 324 4201 se
343 4146 616 4214 communicabant,
636 4147 795 4200 ecclesiam
812 4161 906 4201 unam
935 4162 1000 4202 esse
1029 4136 1231 4203 testabantur.
1322 4143 1335 4181 ²
1363 4146 1493 4216 regulae

290 4230 341 4286 vel
359 4230 441 4284 fidei.
514 4227 590 4285 ³De
609 4231 666 4285 hac
685 4232 762 4286 voce
781 4233 833 4286 cfr.
853 4231 1078 4303 Prolegomena
1096 4248 1124 4302 p.
1138 4232 1163 4288 6.
1235 4229 1369 4286 4Matth.
1389 4232 1433 4302 21,
1447 4232 1492 4288 27.

291 4311 305 4352 ⁶
321 4314 388 4370 Hoc
405 4315 590 4369 vocabulum
600 4315 787 4370 Tertulliano
800 4315 949 4372 familiare
963 4322 1022 4384 est3
1040 4317 1112 4372 vide
1123 4314 1231 4372 Oehler
1244 4317 1284 4372 ad
1295 4316 1341 4371 De
1359 4323 1419 4388 pat.
1430 4318 1485 4374 eb
