3584 5234
291 683 309 736 6
740 680 1040 738 PROLEGOMENA.

293 843 446 926 dogmata
470 846 658 930 detegerent
682 850 714 909 et
743 845 978 929 impugnarent.
1024 844 1133 926 Liber,
1167 865 1259 927 quem
1293 865 1318 910 s.
1349 844 1491 910 lustinus

294 945 447 1011 adversus
471 946 665 1011 Marcionem
689 947 846 1030 scripsitl,
872 946 1025 1031 deperiit3
1051 954 1179 1012 exstant
1202 954 1308 1012 autem
1324 969 1350 1013 s.
1364 949 1489 1013 irenaei

293 1048 458 1115 Adversus
481 1049 631 1114 haereses
654 1049 727 1114 libri
752 1050 903 1132 quinque,
939 1071 965 1114 s.
990 1050 1159 1135 Hippolyti
1188 1049 1490 1134 Philosophnmena,

293 1152 483 1220 Tertulliani
507 1151 598 1215 varia
622 1151 764 1216 eiusdem
789 1153 969 1234 argumenti
991 1152 1154 1237 opuscula.
1200 1153 1252 1216 Ex
1276 1152 1364 1219 hisce
1381 1162 1491 1218 aucto-

292 1255 380 1320 rihus
416 1254 481 1336 alii,
517 1260 553 1317 ut
587 1255 713 1337 singula
746 1254 978 1319 haereticorum
1013 1261 1191 1319 commenta
1219 1254 1384 1322 doctrinae
1409 1255 1490 1321 chri-

293 1358 417 1423 stianae
434 1377 614 1441 repugnare
632 1357 898 1440 demonstrarent,
924 1359 1179 1440 elaboraverunt,
1203 1359 1268 1440 alii,
1292 1366 1326 1424 ut
1339 1360 1489 1424 irenaeus

293 1480 428 1541 eumque
452 1466 579 1525 secutus
604 1460 831 1543 Tertullianus,
857 1460 1017 1525 diversam
1042 1460 1229 1545 disputandi
1252 1462 1409 1526 rationem
1444 1462 1488 1525 in·

266 1638 268 1643 .
292 1563 407 1646 ierunt,
431 1568 466 1627 ut
490 1564 608 1627 malum
631 1562 775 1628 funditus
799 1564 1013 1649 exstirparent
1029 1583 1216 1646 omnemque
1233 1563 1490 1647 subterfugiendi

292 1666 379 1730 mam
403 1665 575 1731 haereticis
598 1666 860 1750 praecluderent3
895 1666 953 1732 hos
989 1669 1072 1732 enim
1107 1687 1222 1732 nomen
1246 1667 1489 1733 christianorum

293 1767 440 1833 inmerito
464 1768 526 1834 sihi
559 1769 724 1834 vindicare
755 1769 1024 1850 demonstrarunt,
1059 1776 1231 1854 propterea
1266 1769 1350 1852 quod
1386 1789 1491 1852 neque

293 1891 334 1935 ex
358 1870 501 1936 fontibus
526 1870 721 1937 christianae
744 1872 890 1937 veritatis
914 1892 972 1936 sua
996 1871 1148 1956 dogmata
1178 1871 1352 1955 haurirent,
1387 1893 1492 1955 neque

292 1973 437 2054 regulam
462 1972 655 2039 christianae
679 1974 758 2039 fidei
783 1974 804 2038 i.
829 1994 857 2039 c.
882 1973 1087 2039 traditionem
1122 1974 1329 2039 ecclesiarum
1364 1982 1491 2058 aposto·

293 2073 426 2139 licarum
451 2082 609 2159 curarent,
644 2096 748 2158 neque
784 2096 877 2141 sacra
912 2077 1070 2159 scriptura
1106 2082 1269 2157 tamquam
1299 2095 1357 2139 sua
1379 2076 1419 2140 iis
1442 2075 1493 2139 uti

282 2175 342 2240 *fas
367 2184 459 2241 esset.

399 2278 494 2343 Hanc
518 2278 704 2363 disputandi
728 2281 814 2344 viam
843 2279 1057 2364 prosperrimo
1093 2286 1210 2344 eventu
1244 2281 1407 2362 ingressus
1442 2285 1491 2344 est

294 2381 509 2447 Tertullianus
532 2383 564 2445 in
589 2381 669 2446 libro
694 2383 744 2446 De
767 2382 1020 2467 praescriptione
1053 2381 1297 2464 haereticorum,
1332 2401 1394 2464 quo
1427 2402 1490 2446 non

292 2485 393 2550 solum
430 2505 537 2549 veram
574 2484 769 2551 christianae
804 2484 884 2549 fidei
914 2484 1056 2566 regulam
1093 2485 1224 2567 evolvit,
1259 2486 1491 2549 verumetiam

292 2586 486 2652 effrenatam
510 2586 744 2652 haereticorum
761 2587 924 2652 licentiam
941 2586 1133 2668 inlustravit,
1157 2586 1331 2671 imaginem
1348 2587 1491 2662 haeresis

293 2690 483 2774 exprimens,
508 2709 571 2772 qua
596 2689 711 2754 clarior
735 2689 903 2771 veriorque
927 2691 982 2752 vix
1012 2695 1120 2772 potest
1154 2688 1340 2753 desiderari.
1388 2691 1490 2754 Prae-

291 2793 432 2877 ecriptio
455 2814 475 2857 a
491 2791 569 2856 iuris
585 2791 738 2857 consultis
755 2793 920 2857 excusatio
937 2811 993 2857 seu
1011 2792 1159 2875 exceptio
1176 2792 1274 2875 longa
1290 2793 1491 2875 possessione

291 2894 429 2960 fundata
445 2894 604 2979 adpellari
620 2895 758 2977 solebat3
784 2895 841 2960 eir.
852 2895 980 2978 Digest.
998 2894 1105 2959 XLIV
1123 2895 1172 2958 tit.
1190 2894 1210 2958 3
1235 2895 1287 2958 lex
1303 2895 1338 2958 3:
1356 2895 1490 2978 Loapae

288 3000 517 3083 possessiones
535 2999 841 3084 praescriptionem
865 3005 935 3062 tara
958 3000 995 3062 ia
1016 2998 1169 3082 praediis
1204 3018 1304 3080 qaam
1338 2997 1375 3060 ia
1399 3017 1491 3060 araa-

293 3101 391 3185 cipiis
415 3100 523 3165 locam
546 3101 666 3165 hahere
689 3101 908 3185 manifestam
933 3108 1001 3182 est,·
1030 3106 1063 3164 et
1092 3098 1170 3164 Cod.
1196 3100 1275 3164 lust.
1293 3098 1356 3163 VII
1376 3099 1425 3163 tit.
1447 3099 1492 3162 33

293 3202 346 3268 lex
369 3203 405 3266 2:
429 3204 536 3289 Loapi
560 3204 720 3288 temporis
741 3204 965 3288 praescriptio
989 3203 1051 3283 his,
1076 3203 1133 3286 qai
1157 3204 1243 3266 horta
1257 3203 1323 3287 fide
1340 3210 1491 3286 coeptam

287 3307 533 3391 possessiouem
557 3306 789 3370 coatiaaatam
813 3326 872 3370 acc
896 3306 1125 3388 interruptam
1156 3304 1385 3388 inquietudine
1421 3304 1492 3369 litis

292 3415 482 3489 teaaeraat,
506 3407 589 3471 solet
606 3408 833 3492 patrocinari.
879 3405 1022 3470 Eodem
1046 3425 1208 3491 prorsus
1231 3425 1349 3470 sensu
1385 3401 1452 3469 vox
1472 3425 1491 3468 a

294 3508 492 3576 Tertulliano
516 3509 548 3572 in
571 3508 633 3573 hoc
665 3507 773 3573 libello
808 3514 989 3592 usurpatur,
1026 3527 1087 3590 quo
1122 3527 1186 3573 non
1214 3506 1402 3589 haereticos,
1432 3506 1491 3571 sed

292 3612 463 3677 ecclesiam
488 3610 681 3677 catholicam
705 3610 854 3676 diuturna
878 3609 1080 3695 possessione
1103 3611 1250 3675 veritatis
1285 3609 1349 3674 frui
1378 3608 1490 3673 haere·

293 3715 438 3797 ticosque
462 3733 532 3780 esse
555 3713 615 3778 ‘de
638 3713 893 3798 praescriptione
921 3712 1091 3779 nouitatis’
1114 3713 1211 3793 (Adv.
1225 3712 1347 3776 Marci
1366 3714 1396 3791 1)
1421 3732 1490 3794 pro

292 3817 370 3882 hare
394 3816 511 3882 studet.

398 3921 430 3984 4.
477 3921 562 3985 Rem
584 3941 682 3984 saara
706 3918 923 3984 Tertullianus
946 3919 993 3982 ita
1016 3919 1167 3983 absolvit.
1214 3918 1252 3981 In
1280 3916 1377 3999 longa
1401 3936 1491 4001 prae·

292 4022 415 4088 tatione
440 4025 481 4103 (e.
498 4022 618 4100 1-14)
643 4021 785 4107 exponit,
810 4019 888 4103 quid
913 4026 945 4085 et
969 4018 1053 4084 unde
1077 4021 1141 4084 sint
1157 4018 1308 4084 haereses
1322 4021 1362 4098 (c.
1379 4020 1490 4100 1-7)‚

293 4145 354 4207 quo
379 4144 473 4190 sensu
497 4124 596 4189 verba
621 4123 740 4190 Christi
763 4123 934 4200 ‘Quaerite
959 4127 991 4186 et
1014 4121 1205 4205 invenietis’,
1231 4141 1312 4203 quae
1334 4121 1491 4187 haeretici

400 4330 881 4396 Hmmwfflhf
