3584 5234
475 725 527 780 DE
547 723 881 780 PRAESCRIPTIONE
901 721 1017 777 HAER.
1036 720 1194 776 XXXVIII
1212 721 1310 775 4-10.
1460 719 1497 774 53

291 886 468 953 succedere
493 887 674 971 corruptela
697 885 862 952 doctrinae
886 886 954 951 sine
988 884 1191 969 corruptelal
1214 883 1493 949 instrumentorum

292 991 373 1072 eius,
408 991 455 1055 ita
488 996 520 1055 et
547 987 663 1055 nobisb
691 989 860 1071 integritas
884 987 1073 1054 doctrinae0
1096 1006 1160 1051 non
1183 984 1390 1069 competisset
1424 984 1494 1051 sine

294 1093 482 1176 integritate
506 1112 624 1174 eorum,
657 1111 714 1175 per
738 1111 820 1174 quae
844 1090 991 1155 doctrina
1014 1095 1181 1154 tractatur.
1227 1113 1241 1151 4
1264 1088 1391 1153 Etenim
1415 1085 1494 1169 quid

294 1195 488 1259 contrarium
510 1195 603 1260 nobis
626 1196 658 1259 in
681 1194 821 1260 nostris?
854 1193 931 1277 quid
955 1193 1003 1284 de
1019 1192 1149 1277 proprio
1173 1192 1346 1269 intulimus,
1380 1196 1415 1254 ut
1438 1189 1495 1280 ³¹³ss
1547 1276 1549 1280 ι

291 1296 372 1380 quid
401 1299 594 1364 contrarium
627 1294 682 1364 ei‘1
706 1304 738 1362 et
765 1299 798 1361 in
828 1282 1000 1380 scripturis
1028 1295 1261 1380 deprehensum
1293 1293 1494 1358 detractione

294 1399 347 1464 vel
370 1400 552 1466 adiectione
576 1401 628 1467 vel
655 1401 920 1466 transmutatione
936 1397 1209 1464 remediaremus?
1241 1395 1360 1475 rQuod
1375 1414 1493 1477 sumus,

294 1501 356 1566 hoc
384 1508 477 1566 sunt⁰
501 1503 678 1587 scripturae
708 1502 749 1567 ab
773 1501 864 1567 initio
888 1521 962 1582 suo,
994 1520 1035 1566 ex
1063 1498 1126 1565 illis
1156 1518 1272 1580 sumus,
1306 1494 1497 1580 antequamf
1593 1493 1595 1498 ’

294 1603 387 1668 aliter
410 1603 504 1686 fuitss,
533 1612 704 1687 antequam
728 1625 748 1668 a
771 1601 885 1670 vobish
914 1602 1202 1698 interpolarentur?
1248 1626 1260 1665 a
1285 1601 1363 1666 Cum
1388 1606 1494 1665 autem

290 1707 396 1771 >omnis
426 1707 634 1791 interpolatio
661 1708 819 1792 posterior
851 1706 1013 1772 credenda
1047 1707 1099 1788 sit,
1135 1705 1267 1771 veniens
1295 1699 1419 1787 utiquei
1452 1721 1493 1766 ex

291 1826 392 1873 causa
415 1809 647 1892 aemulationis,
673 1805 782 1892 quaek
797 1829 901 1892 neque
916 1811 1003 1894 prior
1026 1824 1129 1891 neque
1152 1807 1327 1873 domestica
1343 1823 1493 1888 umquam

293 1917 343 1977 est
366 1909 458 1993 eiusl,
484 1911 602 1994 quodm
625 1912 812 1993 aemulatur,
831 1918 908 1993 tam
927 1911 1118 1978 incredibile
1141 1919 1191 1978 est
1206 1912 1345 1997 sapienti
1368 1913 1493 1995 cuique,

293 2022 328 2082 ut
343 2023 423 2080 n0s¹1
440 2014 618 2080 adulterum
634 2015 741 2081 stilum
757 2017 903 2081 intulisse
918 2015 1085 2081 videamur
1100 2017 1276 2100 scripturis,
1295 2017 1349 2098 qui
1364 2025 1493 2081 sumus⁰

294 2139 314 2182 a
341 2118 499 2202 principio
527 2124 560 2184 et
587 2118 682 2203 primi
690 2127 717 2200 Ρ,
752 2138 846 2202 quam
879 2119 951 2184 illos
980 2138 1044 2183 non
1072 2118 1228 2199 intulisse,
1265 2119 1319 2202 qui
1354 2126 1426 2184 sunt
1461 2124 1494 2184 et

293 2221 412 2305 posteri
430 2228 461 2285 et
478 2221 615 2287 adversi.
663 2222 949 2287 rAliusmanus‘l
972 2221 1157 2305 scripturas,
1182 2222 1263 2287 alius
1287 2230 1417 2287 sensusr
1441 2242 1494 2287 ex-

273 2321 487 2406 positiones⁸
511 2323 701 2389 intervertit.
748 2349 760 2388 s
784 2325 897 2407 Neque
921 2323 1055 2389 enimsi
1080 2324 1267 2389 Valentinus
1296 2325 1422 2407 integro
1446 2325 1492 2389 in·

291 2426 486 2490 strumentol
509 2427 579 2489 utiu
602 2424 739 2509 videtur,
773 2446 836 2492 non
861 2425 1026 2492 callidiore
1055 2427 1195 2510 ingenio,
1231 2446 1325 2509 quam
1349 2427 1492 2493 Marcion
1533 2449 1536 2454 ·

291 2546 406 2590 manus
433 2526 540 2592 intulit
565 2528 716 2593 veritativ
730 2532 750 2594 ¹.
796 2529 975 2594 oldarcion
1011 2529 1095 2593 enim
1130 2531 1282 2594 exserte²
1317 2535 1349 2594 et
1384 2530 1491 2614 palam

291 2627 497 2710 machaera³,
534 2649 597 2694 non
631 2630 706 2695 stilo
734 2650 809 2696 usus
844 2637 904 2749 est,
940 2633 1089 2713 quoniam
1122 2630 1164 2696 ad
1200 2630 1366 2696 materiam
1402 2651 1492 2697 suam

293 2730 428 2796 caedem
452 2731 680 2816 scripturarum
710 2724 899 2799 confecitt
926 2760 953 2798 ιο
975 2734 1165 2800 Valentinus
1199 2741 1306 2800 autem
1334 2737 1490 2819 pepercit,
1520 2752 1549 2833 ,2
1643 2784 1652 2811 .·

291 2835 443 2916 quoniam
467 2855 531 2899 nou
559 2835 602 2900 ad
632 2837 799 2900 materiam
831 2837 1017 2921 scripturas,
1053 2837 1111 2902 sed
1143 2838 1309 2902 materiam
1340 2836 1383 2902 ad
1412 2839 1491 2903 scri·
1519 2838 1521 2842 ’
1619 2860 1622 2869 ·
1647 2887 1657 2905 ,,

291 2943 404 3020 pturas
416 2937 629 3020 excogitavit3
655 2941 687 3002 et
704 2946 812 3004 tamen
828 2939 900 3023 plus
916 2938 1048 3005 abstulit
1059 2945 1091 3004 et
1104 2939 1175 3023 plus
1194 2938 1325 3022 adiecit,
1342 2940 1492 3006 auferens

292 3039 507 3123 proprietates
522 3039 719 3123 singulorum
736 3061 861 3124 quoque
877 3042 1084 3125 verborumr,
1109 3040 1252 3108 adiciens
1265 3041 1491 3127 dispositiones

291 3159 356 3205 non
381 3143 632 3226 comparentium
655 3163 770 3208 rerum.

345 3317 350 3326 ’
453 3325 468 3355 ²
482 3314 639 3370 doctrinae
658 3315 724 3370 sinc
743 3333 818 3371 corr.
839 3333 895 3372 cm.
915 3312 951 3372 A.
1023 3318 1040 3360 b
1059 3316 1105 3372 ita
1124 3320 1152 3372 ct
1169 3317 1258 3373 nobis
1277 3321 1304 3373 et
1323 3335 1342 3372 a
1355 3319 1441 3374 nobis
1455 3320 1491 3373 A.

453 3397 547 3454 cse‘rtc
567 3403 741 3470 corruptela
760 3442 768 3456 .
788 3442 793 3456 .
814 3443 820 3456 .
839 3401 1004 3473 intepretes
1022 3401 1179 3458 doctrdrtae
1194 3420 1249 3459 om.
1264 3401 1293 3457 S.
1367 3402 1384 3445 d
1403 3403 1491 3460 nobis

452 3482 486 3538 in
514 3483 602 3539 nobis
721 3486 913 3542 contractum
940 3485 968 3542 ci
994 3502 1050 3542 om.
1070 3485 1104 3541 A.
1249 3488 1443 3543 escoriaco
1463 3487 1491 3545 S.

452 3567 465 3610 f
484 3573 514 3634 l-
526 3568 606 3625 atati
625 3569 777 3641 LSabcpr.
882 3577 942 3635 34-
955 3574 1037 3642 quod
1055 3589 1163 3627 sumus
1183 3571 1260 3643 quid
1279 3572 1410 3644 denique
1427 3572 1492 3643 suit

451 3653 603 3724 LSabepr.
704 3654 829 3711 huobis
847 3655 923 3712 LSa.
1023 3655 1156 3728 ittaque
1175 3657 1204 3714 S.
1294 3657 1395 3729 kqua
1414 3657 1490 3714 LSa.

451 3736 460 3778 1
488 3737 593 3794 ceteris
621 3737 650 3794 S.
776 3750 801 3781 m
819 3739 1057 3796 dorncsticarum
1080 3745 1123 3797 eet
1141 3744 1205 3798 ctus
1226 3758 1321 3813 quam
1339 3744 1422 3814 quod
1439 3742 1488 3798 Sa.

452 3835 468 3864 1¹
496 3841 558 3879 non
577 3824 633 3880 LS.
741 3826 868 3881 octoas
881 3826 917 3881 A.
1025 3830 1103 3882 uita
1122 3827 1216 3896 Abeo,
1246 3831 1273 3882 ct
1287 3826 1389 3897 primi
1406 3831 1435 3884 ct
1453 3844 1492 3883 cm

452 3907 530 3979 ipsis
548 3909 660 3979 LSapr.
721 3921 736 3962 n
755 3912 798 3965 ita
816 3911 853 3979 A,
871 3927 967 3965 marcu
987 3915 1088 3967 ceteri.
1152 3922 1165 3953 r
1184 3915 1227 3968 ita
1246 3912 1279 3981 L,
1299 3927 1391 3968 sensu
1401 3911 1490 3968 Sabo.

452 4004 464 4036 ⁸
492 3994 680 4064 conpositione
710 4013 772 4066 opr.
911 3999 922 4038 t
949 4000 1116 4053 strumento
1135 3996 1191 4054 AS.
1319 4009 1335 4040 ¹¹
1361 4001 1388 4052 ct
1407 4000 1441 4053 ut
1460 3997 1490 4054 S.

452 4090 469 4120 v
483 4096 595 4135 manus
614 4122 620 4135 .
644 4122 649 4135 .
670 4122 676 4135 .
695 4097 754 4137 uer.
767 4098 823 4136 om.
843 4081 899 4138 Ls.
961 4092 984 4124 W
1003 4084 1045 4137 ita
1064 4083 1099 4150 A,
1118 4084 1280 4138 verborum
1298 4087 1326 4137 et
1346 4085 1447 4138 ceteri.

404 4216 415 4253 ¹
445 4217 623 4274 Valentinus
652 4235 770 4274 sacrum
800 4219 985 4275 adulteravit
1012 4222 1193 4291 scripturam
1221 4236 1366 4290 perverse
1398 4223 1493 4292 expli·

290 4302 399 4370 cando,
418 4301 552 4357 Marcion
571 4304 825 4359 circumcidendo.
916 4302 1078 4360 ²strenue.
1169 4303 1311 4375 8μοίχειροι
1334 4329 1367 4352 --
1387 4308 1492 4363 culter.

284 4382 303 4421 ⁴
320 4402 374 4456 pro
395 4387 533 4442 doctrina
553 4403 608 4442 sua
627 4390 792 4458 scripturas
811 4391 971 4444 mutilavit.
