3584 5234
438 626 490 679 DE
511 623 846 680 PRAESCRIPTIONE
865 623 980 678 HAER.
1001 623 1279 679 XXVII-XXVIII
1290 628 1314 677 1.
1450 625 1485 679 39

281 876 420 941 XXVII.
467 879 584 963 Neque
611 879 784 942 ‘ecclesiae
811 897 871 942 sno
900 878 980 942 vitio
1009 877 1110 941 aliter
1139 885 1349 960 acceperant,
1383 898 1485 961 qaam

676 979 822 1064 apostoli
839 980 1087 1063 protulerunt’.

388 1115 423 1180 Si
440 1136 517 1199 ergo
533 1115 722 1181 incredibile
739 1122 797 1198 est,
821 1116 873 1180 vel
889 1116 1055 1199 ignorasse
1071 1115 1235 1200 apostolos
1251 1113 1483 1200 plenitudinem

281 1217 542 1304 praedicationis,
566 1218 619 1283 vel
640 1239 702 1283 non
720 1238 844 1284 omnem
861 1218 1004 1283 ordinem
1021 1219 1153 1300 regulae
1169 1217 1315 1283 omnibus
1331 1216 1482 1298 edidisse,
1560 1242 1562 1246 ·

281 1319 447 1385 videamus
462 1339 502 1385 ne
518 1320 626 1386 foster
641 1321 780 1405 apostoli
797 1320 926 1403 quidem
942 1319 1131 1404 simpliciter
1147 1326 1179 1385 et
1195 1320 1300 1404 plene,
1325 1320 1483 1384 ecclesiae

282 1428 390 1488 autem
422 1443 480 1489 suo
514 1423 592 1487 vitio
623 1422 717 1487 aliter
750 1424 935 1507 acceperint
968 1442 1063 1504 quam
1096 1423 1235 1506 apostoli
1263 1422 1490 1506 proferebant„
1555 1461 1569 1469 -

281 1550 293 1588 a
319 1523 433 1590 Omnia
456 1527 519 1592 ista
542 1526 798 1610 scrupulositatis
821 1526 1030 1590 incitamenta
1059 1525 1204 1590 invenias
1236 1523 1406 1610 praetendi
1441 1525 1483 1590 ab
1519 1524 1522 1529 '

282 1618 482 1694 haereticis'
503 1655 515 1693 a
531 1629 658 1694 Tenent
675 1636 840 1713 correptas
856 1630 898 1694 ab
915 1628 1062 1713 apostolo
1080 1629 1250 1694 ecclesias:
1275 1629 1303 1693 0
1319 1628 1484 1693 insensati

282 1731 436 1814 Galatae,
461 1734 536 1817 quis
558 1753 617 1797 vos
640 1733 863 1806 fascinavitlt
887 1737 935 1796 et:
972 1731 1053 1794 Tarn
1075 1732 1155 1795 bene
1179 1731 1375 1813 currebatis,
1408 1731 1483 1814 qais

282 1854 339 1898 vos
354 1834 552 1918 impeditura
575 1830 766 1918 ipsumqueb
783 1833 990 1916 principium:
1015 1832 1136 1914 Miror,
1161 1832 1249 1915 quoa
1264 1833 1312 1896 sic
1329 1838 1398 1896 tarn
1418 1832 1481 1895 cito

284 1936 534 2021 transferimini
567 1938 608 2001 ab
643 1957 689 2018 eo,
725 1937 782 2019 qni
815 1943 895 2000 vos⁰
924 1936 1052 1999 vocavit
1080 1936 1117 1999 in
1148 1936 1271 2019 pratia,
1305 1935 1350 1999 ad
1385 1934 1481 1998 alind

283 2039 521 2124 evanpelium³.
568 2064 580 2101 r
604 2039 686 2103 Item
702 2036 745 2102 ad
763 2037 946 2102 Corinthios
961 2037 1125 2121 scriptum,
1150 2035 1236 2119 quod
1253 2042 1359 2101 essent
1376 2034 1483 2100 adhuc

284 2140 438 2223 carnales,
464 2141 520 2222 qui
543 2140 629 2205 laete
647 2139 869 2223 educarentur,
894 2138 1035 2204 nondum
1052 2137 1159 2203 idonei
1176 2137 1218 2203 ad
1235 2139 1402 2222 pabulum,
1428 2137 1484 2220 qui

283 2249 432 2326 putarent
455 2263 490 2308 se
514 2231 753 2324 scire'aliquid,
778 2241 907 2324 quando
923 2240 1063 2306 nondum
1080 2241 1199 2307 scirent
1215 2239 1484 2335 quemadmodum
1512 2306 1514 2311 .

281 2342 385 2409 scire<l
409 2347 601 2429 oporteret&
648 2345 759 2411 silum
785 2350 949 2429 correptas
973 2345 1127 2409 ecclesias
1151 2343 1325 2428 obponunt,
1350 2341 1484 2408 credant

284 2446 481 2513 emendatas.
528 2445 629 2511 uSed
664 2453 696 2512 et
725 2447 797 2512 illas
829 2452 1073 2530 recognoscant,
1110 2444 1151 2510 de
1184 2465 1317 2527 quarum
1349 2443 1418 2508 fide
1451 2451 1484 2508 et

283 2547 419 2611 scientia
442 2554 474 2612 et
499 2548 741 2613 conversat-ione
762 2547 927 2632 apostolus
950 2546 1071 2629 gaudet
1095 2553 1127 2611 et
1151 2545 1213 2612 deo
1236 2547 1359 2630 gratias
1379 2547 1483 2628 agit⁵;

285 2656 388 2730 quae⁰
419 2660 526 2714 tamen
546 2649 651 2715 bodie
680 2669 752 2714 cum
785 2648 848 2715 illis
880 2648 1036 2734 correptis
1065 2648 1157 2714 unius
1180 2647 1391 2713 institutionis
1414 2647 1485 2712 iura

282 2750 419 2817 miscent
427 2752 449 2813 ⁶.

282 2961 439 3026 XXVlll.
469 2963 564 3028 Licet
588 2963 743 3027 ecclesiae
766 2963 894 3027 ‘omnes
919 2963 1119 3043 erraverint,
1143 2961 1275 3026 nullam
1295 2962 1485 3045 resperserit

283 3066 426 3149 spiritus
455 3072 603 3148 rra-nctus,
640 3066 756 3148 ecquid
783 3064 963 3130 uerisimile
994 3071 1052 3148 est,
1085 3068 1123 3126 ut
1155 3068 1202 3128 tot
1232 3082 1272 3126 ac
1306 3069 1421 3127 tantae
1449 3064 1486 3127 in

283 3187 386 3231 anam
419 3167 521 3252 fidem
556 3168 767 3232 erraverint?
802 3169 952 3232 variasse
988 3169 1148 3232 debuerat
1181 3186 1278 3230 error
1312 3167 1485 3231 doctrinae

762 3270 1006 3335 ecclesiaram’.

390 3407 462 3489 Age
490 3426 584 3490 nunc,
619 3427 728 3472 omnes
761 3404 972 3487 erraverintf3
1006 3406 1161 3490 deceptus
1189 3407 1230 3471 sit
1258 3412 1291 3470 et
1319 3406 1483 3490 apostolus

284 3506 325 3574 de
349 3509 530 3574 testimonio
555 3508 758 3591 reddendos
784 3510 903 3574 nullam
927 3510 1104 3593 respexerit
1127 3510 1258 3593 spiritus
1274 3516 1414 3592 sanctus,
1439 3510 1484 3573 uti

445 3709 531 3753 ²om.
552 3698 648 3755 LSab.
757 3699 898 3770 bipsunt
917 3699 951 3754 Α.
1061 3709 1161 3754 csuos
1180 3701 1270 3769 Aopr.
1374 3697 1484 3753 dsciri

444 3782 595 3854 LSabcpr.
688 3785 771 3855 equi
791 3785 818 3841 S.
911 3784 1121 3840 serraverunt
1139 3784 1167 3842 S.
1263 3783 1484 3855 squibosaara

444 3869 562 3924 addunt
581 3868 697 3925 LSabc.

390 4025 485 4083 ¹Gal.
506 4030 532 4091 3,
553 4031 577 4084 1.
656 4027 751 4085 2Ga1,
771 4020 796 4096 5,
816 4033 840 4086 l.
926 4027 1112 4101 ³Ga].1,t.
1202 4029 1487 4099 4100r.3,1ss.;

283 4110 308 4179 8,
328 4110 353 4165 2.
445 4109 560 4191 {Rom
580 4114 622 4183 15,
643 4114 689 4184 143
710 4115 770 4170 Col.
792 4116 815 4183 1,
835 4116 865 4185 33
889 4116 904 4168 1
925 4115 1028 4170 Thess.
1051 4118 1072 4183 1,
1098 4116 1122 4169 2.
1232 4114 1417 4168 ⁶Ecclesias
1446 4116 1484 4168 ab

285 4199 422 4266 apostolo
451 4204 617 4269 correptae,
644 4201 716 4269 quia
740 4201 798 4253 iam
829 4201 1011 4256 emendatae
1031 4206 1109 4267 sunt,
1138 4199 1245 4255 eodem
1269 4199 1335 4254 loco
1356 4199 1395 4254 ad
1414 4201 1484 4255 doc-

284 4281 383 4336 trinae
393 4284 552 4338 veritatem
562 4284 730 4339 testandam
741 4286 902 4340 habendae
910 4291 989 4353 sunt,
1009 4301 1069 4355 quo
1081 4285 1227 4340 ecclesiae
1238 4287 1276 4339 ab
1288 4300 1323 4340 eo
1335 4285 1486 4339 laudatae.

1525 832 1549 863 h.
