3584 5234
475 651 527 705 DE
545 650 879 708 PRAESCRIPTIONE
898 652 1209 711 HAERETICORUM
1227 656 1316 712 XLV.
1462 658 1499 712 61³

300 809 423 894 opinari
459 831 523 894 eos,
558 813 612 894 qui
647 812 845 879 exorbitantl
879 821 912 878 et
941 814 1020 880 fidei
1053 816 1198 881 veritatis
1230 817 1405 901 periculum
1433 838 1496 883 non

298 921 423 978 cavent.

347 1117 449 1184 XLV.
496 1115 624 1182 Auctor
647 1137 681 1181 sc
705 1117 806 1180 ettam
829 1117 1022 1200 specialiter
1045 1118 1245 1202 quibasdam
1268 1120 1452 1186 haereticis.

628 1240 870 1304 responsorum
894 1240 962 1284 csse
981 1221 1162 1304 promittit.

405 1382 429 1422 rs
453 1356 519 1423 Sed
542 1377 626 1423 nunc
651 1355 779 1440 quidem
803 1357 998 1441 generaliter
1022 1363 1128 1421 actum
1146 1368 1195 1423 est
1210 1358 1324 1425 nobis⁸
1339 1359 1502 1426 adversus·

296 1460 446 1527 haereses
470 1480 589 1541 omnes,
614 1458 711 1525 certis
735 1464 767 1524 et
790 1457 906 1524 iustisb
931 1464 963 1523 et
979 1460 1169 1526 necessariis
1190 1462 1497 1546 praescriptionibus

298 1561 500 1648 repellendas
530 1583 550 1626 a
578 1561 760 1626 conlatione
788 1562 1027 1646 scripturarum.
1075 1587 1101 1624 14
1125 1563 1175 1627 De
1210 1564 1343 1648 reliquo,
1379 1565 1406 1629 si
1442 1564 1494 1630 dei

295 1666 401 1748 gratia
418 1663 576 1746 adnuerit,
602 1665 699 1729 etiam
716 1663 900 1749 specialiter
917 1663 1107 1744 quibusdam
1124 1665 1406 1749 respondebimus2
1419 1715 1426 1731 .
1440 1715 1448 1730 .
1463 1716 1470 1731 .
1487 1716 1493 1731 .

296 1793 321 1832 15
345 1767 503 1851 [Haecin
527 1767 595 1831 fide
619 1765 785 1835 veritatisc
787 1812 916 1831 .......
940 1766 1121 1848 legentibus
1144 1787 1209 1851 pax
1233 1774 1266 1832 et
1288 1769 1396 1852 gratia
1419 1765 1495 1834 deid

296 1871 395 1937 nostri
419 1871 492 1935 Iesu
516 1869 634 1935 Christi
657 1869 690 1933 in
714 1868 921 1951 aetemum⁰.]

456 2067 470 2097 a
491 2057 534 2110 ita
544 2054 688 2123 ALSabo,
709 2072 728 2109 a
740 2053 828 2110 nobis
839 2072 855 2111 e
866 2055 1032 2110 Vaticanus
1044 2055 1156 2125 Rigalt.
1167 2072 1212 2126 pr.
1285 2056 1301 2097 b
1320 2053 1449 2111 iniustis
1458 2055 1493 2109 A.

456 2152 553 2197 ecerta
573 2139 633 2196 otio
648 2157 707 2210 per
727 2158 753 2209 0,
772 2138 832 2196 otto
850 2156 906 2209 per
925 2157 974 2211 pr;
993 2143 1025 2194 in
1044 2140 1071 2195 A
1090 2142 1202 2195 lacuna
1215 2148 1267 2197 est.
1341 2139 1357 2182 <¹
1377 2138 1504 2196 demitti

455 2244 499 2297 pr.
573 2226 701 2280 euersa
720 2225 818 2280 ‘Haec
836 2227 868 2279 in
886 2226 949 2281 fide
1024 2227 1056 2279 in
1076 2227 1247 2281 aeternum'
1265 2228 1297 2280 in
1310 2228 1374 2281 solo
1388 2227 1494 2281 codice

453 2311 480 2366 A
499 2312 651 2382 leguntur,
679 2312 733 2364 ubi
761 2311 896 2364 additur:
924 2310 1054 2366 ‘Contra
1081 2312 1250 2366 haereticos
1279 2311 1410 2382 explicit.
1448 2310 1495 2365 In·

456 2398 529 2467 cipit
550 2395 721 2466 scorpiace.
758 2396 844 2466 Lege
862 2396 1013 2452 feliciter’.

402 2550 412 2587 1
444 2553 576 2618 demant,
606 2553 758 2607 aberrent.
860 2550 931 2606 2ld
959 2553 1030 2608 fecit
1049 2551 1129 2607 Tert.
1159 2553 1242 2606 libris
1271 2551 1348 2605 Adv.
1371 2551 1494 2606 Hermo-

295 2653 414 2708 genem,
433 2637 625 2704 Marcionem,
646 2637 885 2707 Valentinianos,
913 2637 1073 2705 Praxeam,
1101 2637 1234 2692 sednon
1255 2636 1402 2706 opusculo
1421 2634 1493 2689 ‘Ad-

294 2738 417 2777 versum
437 2737 541 2777 omnes
559 2722 723 2791 haereses',
743 2722 825 2791 quod
843 2724 875 2776 in
895 2723 1079 2777 editionibus
1099 2723 1156 2776 abc
1175 2728 1205 2776 et
1224 2724 1332 2792 postea
1350 2721 1427 2774 libro
1447 2719 1494 2774 De

294 2808 533 2880 praescriptione
564 2807 719 2861 adnexum
747 2812 793 2862 est
821 2807 858 2876 (c.
873 2807 999 2875 45-53),
1026 2821 1137 2862 revera
1165 2812 1266 2861 autem
1294 2820 1313 2860 a
1340 2805 1495 2859 Victorino

193 2952 196 2956 ,
295 2894 436 2963 episcopo
455 2892 641 2947 Pettaviensi
661 2893 806 2961 scriptum
829 2892 953 2946 videtur
981 2907 1060 2960 esse;
1091 2892 1148 2946 hoc
1177 2891 1324 2960 opusculo
1352 2891 1501 2944 haereses

292 2982 490 3034 recensentur
508 2977 610 3046 potius
630 2991 721 3044 quarn
742 2977 946 3031 confutantur.
