3584 5234
409 643 461 698 DE
480 641 815 698 PRAESCRIPTIONE
834 641 950 696 HAER.
968 640 1094 696 XXXIV
1114 641 1343 697 9-XXXV11.
1442 643 1477 698 49

276 813 423 893 parcntss,
448 805 488 871 de
513 811 620 871 aetate
644 804 713 871 sola
736 803 1034 889 praeiudicarentur
1057 810 1147 869 tanto
1171 805 1275 886 magis
1298 804 1474 888 adulterae,

176 919 177 922 ’
277 916 395 992 quanto
419 928 479 973 nec
502 907 543 971 ab
567 907 722 991 apostolis
745 906 938 971 nominatae.
985 904 1107 971 sUnde
1123 905 1247 971 firmius
1270 914 1397 973 constat
1416 907 1475 976 has

277 1031 357 1090 esse,
383 1029 465 1094 quae
488 1008 595 1075 adhuc
618 1016 695 1074 tnnc
718 1008 949 1074 nuntiabantur
972 1008 1111 1074 futurae.

298 1219 437 1285 XXXV.
484 1220 675 1284 Haereticis
705 1219 868 1283 adversas
891 1217 1109 1302 disciplinam
1132 1219 1331 1287 catholicam
1354 1225 1452 1288 aalla

639 1322 867 1406 praescriptio
890 1327 1027 1405 praesto
1051 1328 1109 1385 est.

382 1461 441 1526 His
465 1459 708 1526 definitionibus
732 1464 927 1542 provocatae
951 1457 1078 1523 anobis
1103 1465 1135 1523 et
1159 1461 1299 1527 revictae
1324 1463 1473 1532 haereses

276 1582 394 1644 omnes,
419 1563 486 1627 sive
511 1558 614 1644 (puaeb
638 1569 796 1645 posterae,
821 1561 888 1626 sive
914 1557 1018 1642 quaeb
1035 1567 1229 1627 coaetaneae
1246 1565 1472 1652 apostolorum,

275 1664 446 1731 dummodo
471 1662 632 1743 diversae,
657 1663 725 1728 sive
749 1661 951 1745 generaliter,
979 1663 1047 1728 sive
1071 1665 1253 1748 specialiter
1275 1674 1407 1734 notatae
1431 1671 1472 1735 ab

277 1769 333 1851 eis,
357 1766 530 1833 dummodo
546 1765 806 1849 praedamnatae,
831 1764 972 1830 audeant
988 1765 1181 1850 respondere
1198 1775 1230 1833 et
1245 1770 1336 1854 ipsae
1348 1771 1473 1855 aliquas

276 1869 432 1936 eiusmodi
471 1868 739 1953 praescriptiones
772 1867 928 1933 adversus
960 1875 1100 1933 nostram
1134 1869 1346 1956 disciplinam.
1402 1876 1473 1941 aSi

275 1974 358 2039 enim
375 1980 495 2055 negant
510 1971 679 2036 veritatem
696 1971 774 2050 eius,
792 1969 911 2035 debent
927 1970 1063 2053 probare
1079 1971 1167 2036 illam
1184 1993 1309 2055 quoque
1326 1976 1474 2043 haeresin

275 2082 377 2157 esse0,
396 2074 508 2140 eadem
525 2074 628 2139 forma
644 2074 808 2153 revictam,
826 2092 889 2154 qua
906 2072 996 2156 ipsae
1013 2074 1231 2156 revincuntur3
1257 2084 1288 2141 et
1305 2078 1474 2146 ostendere

274 2180 376 2260 simul,
399 2179 528 2244 ubinam
553 2175 738 2260 quaerenda
760 2177 803 2241 sit
826 2175 956 2257 veritas,
993 2195 1087 2258 quam
1111 2176 1196 2260 apud
1222 2178 1294 2244 illas
1316 2201 1379 2246 non
1403 2202 1473 2248 esse

273 2282 336 2348 iam
362 2289 497 2347 constat.

381 2379 595 2449 sPosterior‘1
618 2389 727 2448 nostra
743 2401 795 2447 res
816 2401 880 2447 non
906 2387 964 2463 est,
987 2382 1084 2446 immo
1109 2384 1254 2450 omnibus
1278 2387 1364 2469 prior
1387 2395 1471 2453 est⁶z

169 2507 173 2515 ’
274 2487 338 2553 hoo
362 2487 422 2550 erit
446 2485 661 2549 testimonium
685 2483 832 2549 veritatis
862 2481 998 2565 ubiquef
1024 2487 1212 2570 occupantis
1245 2490 1469 2574 principatum.

185 2648 187 2660 ,
274 2615 286 2652 ⁴
311 2588 475 2672 Apostolis
499 2587 632 2667 utiqueg
655 2606 717 2650 non
742 2583 946 2667 damnaturi,
976 2586 1072 2651 immo
1096 2586 1293 2654 defenditur:
1324 2591 1385 2658 hoo
1409 2596 1471 2658 erit

185 2716 187 2721 ·
276 2691 430 2757 indicium
453 2690 668 2774 proprietatis.
716 2687 855 2766 siluam
884 2689 967 2753 enim
995 2686 1076 2754 non¹
1106 2689 1269 2773 damnant,
1304 2693 1383 2776 quik
1418 2716 1470 2761 ex·

274 2801 420 2860 traneam
460 2810 617 2874 quamque
657 2785 873 2873 damnaruntl,
914 2809 1005 2856 snam
1043 2792 1226 2876 ostendunt,
1266 2794 1403 2879 ideoque
1438 2808 1471 2864 et

179 2874 183 2885 ¹
273 2894 460 2963 defendunt.

274 3124 428 3188 XXXVI.
472 3121 595 3206 ‘Apud
619 3122 774 3187 ecclesias
798 3122 1001 3206 apostolicas
1028 3124 1123 3207 ipsae
1151 3127 1264 3190 adbuc
1292 3128 1471 3195 catbedrae

275 3226 505 3312 apostoloram
524 3226 731 3309 praesideat,
756 3226 850 3310 ipsae
874 3226 1085 3291 authenticae
1109 3227 1242 3293 litterae
1260 3249 1374 3295 eoram
1391 3235 1471 3297 reci-

274 3328 426 3409 taatar',·
463 3327 504 3391 de
536 3327 692 3391 doctriua
729 3347 844 3390 eoram
876 3326 1041 3391 ‘haereses
1072 3329 1287 3412 prodierant,
1321 3333 1380 3397 sed
1403 3355 1469 3399 aaa

272 3438 351 3498 saal
375 3451 418 3494 ea
442 3429 514 3509 illa,
543 3449 586 3491 eac
609 3449 672 3512 qao
694 3429 809 3513 factae
832 3435 911 3492 saat
939 3429 1100 3493 adversas
1128 3430 1248 3496 illam'.
1296 3435 1470 3502 Maximae

486 3537 597 3595 aatem
621 3531 834 3595 auctoritatis
859 3538 906 3594 est
929 3531 1087 3596 Romana
1111 3532 1259 3599 ecclesia.

378 3671 449 3754 Age
473 3669 546 3749 iam,
572 3665 625 3749 qui
650 3666 738 3732 voles
754 3667 972 3732 curiositatem
988 3668 1102 3735 melius
1118 3689 1269 3736 exercere
1291 3672 1322 3736 in
1338 3676 1469 3757 negotio

272 3774 386 3841 salutis
419 3778 505 3852 tuae,
537 3787 688 3855 percurre
721 3769 875 3835 ecclesias
907 3771 1113 3856 apostolicas,
1147 3773 1233 3856 apud
1267 3794 1347 3857 quas
1378 3777 1468 3861 ipsae

431 3971 446 4002 ⁸
462 3958 729 4030 participarentur
748 3957 797 4015 Sa.
874 3957 973 4030 barra
992 3959 1047 4016 LS.
1137 3963 1303 4018 clamosas
1322 3961 1421 4020 inesse
1433 3966 1469 4035 A,

431 4044 564 4101 tamesis
583 4059 646 4100 esse
665 4043 697 4110 L,
717 4042 868 4099 tamesim
896 4047 987 4112 (siner
1006 4051 1082 4112 esse)
1103 4046 1131 4103 S.
1241 4047 1415 4119 dsaperior
1433 4051 1468 4105 A.

432 4134 491 4193 0-1-
513 4133 541 4184 et
559 4126 594 4183 A.
668 4125 751 4183 fabi
770 4128 805 4182 A.
879 4131 957 4183 sita
976 4147 1013 4200 pr
1032 4147 1100 4185 cum
1119 4132 1261 4202 Rigaltio,
1280 4132 1393 4204 abique
1411 4134 1468 4202 Ao,

432 4231 487 4269 om.
507 4212 561 4280 LS,
581 4213 664 4283 qaod
677 4215 715 4268 ab
729 4211 875 4283 apostolis
894 4215 961 4269 abc.
1033 4213 1261 4271 l¹damaaatar
1280 4216 1309 4273 S.
1381 4217 1391 4259 ί
1411 4235 1468 4274 om.

431 4296 486 4354 LS.
577 4296 670 4368 kqai
689 4296 717 4354 si
737 4296 765 4354 S.
857 4296 929 4353 lita
948 4300 1003 4367 Ao,
1023 4300 1249 4356 damnaverant
1267 4301 1359 4373 LSpr.

322 4401 501 4452 Rauseheu,
515 4397 681 4450 Florilegium
695 4397 739 4442 IV.
1251 4386 1269 4440 4
