3584 5234
312 708 348 764 58
486 707 539 762 DE
559 705 893 763 PRAESCRIPTIONE
913 705 1028 762 HAER.
1047 706 1132 761 XLII
1151 705 1346 762 3-XL1112.

312 869 460 937 sNostra
483 868 674 951 suffodiunt,
698 876 733 934 ut
757 889 814 935 sua
837 867 1024 935 aedificent.
1068 868 1185 933 Adime
1206 868 1271 934 illis
1286 868 1391 951 legem
1409 868 1517 953 Moysi

313 979 345 1037 et
375 971 550 1058 prophetas
589 978 621 1037 et
654 977 831 1037 creatorem
864 971 970 1054 deum,
1009 971 1246 1037 accusationem
1280 971 1423 1053 eloqui⁵-
1449 993 1516 1036 non.

314 1074 467 1140 habentl.
514 1077 601 1140 rIta
625 1075 675 1158 fit,
708 1081 744 1140 ut
768 1076 876 1141 ruinas
904 1074 1032 1141 facilius
1056 1082 1227 1159 operentur
1250 1074 1403 1142 stantium
1426 1074 1513 1141 aedi·

312 1177 469 1255 ficiorum,
504 1197 598 1260 quam
628 1178 861 1244 exstructiones
892 1176 1065 1242 iacentium
1099 1178 1271 1242 ruinarum.
1316 1176 1405 1243 aAd
1429 1176 1517 1243 haec

312 1279 510 1346 solummodo
534 1300 633 1366 opera
656 1280 792 1345 humiles
815 1288 847 1345 et
870 1279 982 1345 blandi
1005 1285 1038 1344 et
1054 1279 1201 1345 submissi
1219 1287 1329 1363 agunt.
1364 1279 1517 1346 Ceterum·

312 1401 372 1448 nec
395 1383 461 1448 suis
484 1381 684 1467 praesidibus
709 1383 919 1449 reverentiam
952 1389 1118 1448 noverunt.
1165 1407 1179 1446 c
1202 1383 1245 1446 Et
1266 1382 1328 1447 hoc
1353 1388 1402 1448 est
1426 1381 1513 1464 quod

312 1483 487 1551 schismata
519 1485 606 1570 apud
634 1485 816 1553 haereticos
839 1485 909 1551 iere
932 1506 995 1551 non
1018 1491 1109 1566 sunt3
1145 1484 1220 1567 quia
1244 1504 1315 1550 cum
1339 1485 1414 1567 sint,
1449 1504 1513 1549 non

312 1588 461 1669 parcnt²3
486 1584 649 1652 schismab
673 1588 758 1652 enim
781 1593 830 1654 est
853 1587 960 1652 unitas
983 1587 1063 1670 ipsa.
1110 1585 1276 1652 rMentior
1292 1587 1319 1652 si
1335 1607 1398 1652 uou
1415 1587 1512 1652 etiam

312 1689 476 1772 aregulis
499 1689 564 1754 suis
587 1691 714 1753 variant
737 1690 819 1754 inter
851 1709 895 1771 se,
930 1687 1005 1754 dum
1038 1688 1255 1771 unusquisque
1288 1686 1422 1772 proinde
1455 1707 1512 1754 suo

312 1789 445 1855 arbitrio
469 1789 651 1856 modulatur
675 1810 757 1873 quae
781 1791 918 1874 accepit,
943 1789 1210 1872 quemadmodum
1235 1788 1275 1855 de
1298 1809 1356 1856 suo
1379 1783 1519 1856 arbitrio

312 1899 371 1957 eae
395 1893 574 1976 composuit
597 1892 662 1975 ille,
696 1893 750 1976 qui
773 1891 916 1958 tradidit.
962 1892 1153 1976 adgnoscit
1183 1898 1330 1957 naturam
1361 1912 1451 1959 suam
1480 1900 1512 1958 et

312 1993 445 2077 originis
477 2013 554 2059 suae
583 2013 703 2059 morem
736 1993 901 2078 profectus
932 1994 990 2059 rei.
1037 1992 1128 2059 Idem
1163 1993 1255 2059 licuit
1277 1994 1512 2060 Valentinianis

312 2095 398 2178 quod
422 2096 604 2174 Valentino,
637 2095 722 2161 idem
756 2096 955 2162 Marcionitis
987 2095 1073 2178 quod
1106 2096 1271 2179 Marcioni,
1305 2095 1346 2162 de
1379 2097 1519 2164 arbitrio

312 2218 368 2264 suo
392 2197 493 2264 fidem
516 2200 680 2264 innovare.
720 2225 732 2262 s
749 2200 896 2281 Denique
912 2198 1039 2283 penitus
1055 2199 1220 2284 inspectae
1236 2200 1386 2265 haereses
1402 2219 1512 2265 omues

311 2301 343 2365 in
375 2299 484 2366 multis
517 2320 588 2365 cum
627 2302 811 2367 auctoribus
849 2301 916 2367 suis
954 2300 1180 2368 dissentientes
1219 2300 1510 2386 deprehenduntur.

311 2428 337 2467 10
349 2403 498 2486 Plerique
520 2423 581 2469 nec
604 2405 758 2470 ecclesias
775 2404 907 2485 habent,
931 2405 998 2470 sine
1014 2411 1126 2487 matre,
1151 2405 1220 2471 sine
1236 2404 1322 2489 sede,
1347 2404 1416 2472 orbi
1432 2404 1517 2488 fide,.

312 2513 455 2572 extorres
463 2503 489 2583 d,
515 2508 606 2589 quasi
630 2507 770 2573 sibilati.e
794 2515 963 2592 vagantur.

311 2783 433 2849 XLIII.
472 2784 576 2871 Apud
594 2785 777 2851 haereticos
800 2786 848 2851 ‘et
871 2786 912 2850 dc
937 2805 1056 2871 peracre
1080 2786 1341 2850 conversationis
1364 2785 1519 2869 paulitas·

691 2888 772 2973 fidei
795 2888 971 2953 aestimari
989 2888 1121 2973 potcst’.

416 3043 537 3111 Notata
564 3050 638 3109 sunt
666 3044 762 3108 etiam
793 3044 985 3110 commercia
1013 3042 1248 3109 haereticorum
1283 3062 1356 3107 cum
1388 3037 1513 3125 magisf

312 3145 583 3230 quampluribus,
617 3162 688 3211 cum
713 3145 966 3222 circulatoribus,
1003 3166 1074 3211 cum
1098 3145 1280 3229 astrologis,
1316 3164 1388 3209 cum
1411 3143 1511 3229 philo

310 3247 429 3332 sophis,
469 3248 647 3314 curiositati
683 3248 806 3314 scilicet
839 3247 967 3314 deditis.
1020 3247 1215 3324 aQuacrite
1250 3256 1281 3313 et
1314 3247 1518 3312 incantetur

474 3447 489 3478 ἃ
508 3439 535 3492 ct
554 3435 639 3508 toqui
657 3435 732 3493 LSa.
824 3434 1029 3492 bscbtsmata
1047 3434 1140 3491 LSac.
1224 3435 1510 3506 ⁰quemadm0dum

472 3521 601 3576 arbitrio
620 3522 656 3576 dc
677 3538 711 3576 ca
731 3520 759 3578 S.
869 3519 1070 3576 desierimus
1094 3520 1150 3576 LS.
1259 3522 1330 3575 etta
1349 3519 1397 3586 Sa,
1418 3518 1510 3589 quasi

470 3605 575 3662 sibilat
594 3606 627 3675 L,
646 3603 740 3677 quasi
758 3606 827 3668 (cm.
848 3607 878 3671 b)
898 3603 959 3661 sibi
977 3608 1038 3660 late
1058 3607 1096 3660 bc
1115 3605 1289 3674 Vaticanus,
1312 3621 1371 3660 suu
1390 3603 1425 3659 ia
1442 3601 1510 3658 oili·

470 3694 576 3758 iuteo,
604 3689 696 3761 quasi
719 3689 829 3760 patria
849 3688 976 3760 spoliati
1003 3707 1052 3761 pr3
1079 3691 1210 3745 fortasse
1238 3689 1432 3745 scribendum
1452 3694 1510 3743 est:

470 3775 562 3846 quasi
581 3773 710 3831 viduati.
802 3774 952 3846 smapats
971 3774 1001 3832 S.

420 3935 430 3972 ¹
448 3937 582 3992 Verbum
598 3936 742 3991 ‘habere'
761 3937 854 4005 (ἔχειν)
874 3951 942 3990 cum
961 3937 1112 3990 infinitivo
1134 3936 1328 3990 coniunctum
1349 3940 1394 3991 est
1416 3939 1516 3990 strue·-

310 4030 379 4078 tura
398 4038 520 4093 graeca.
558 4020 671 4078 Sensus
691 4025 750 4076 est:
779 4019 810 4076 Si
830 4021 866 4074 iis
885 4020 984 4090 legem
1002 4019 1115 4089 Moysis
1135 4026 1165 4074 et
1184 4020 1350 4089 prophetas
1368 4022 1400 4075 et
1420 4019 1510 4074 deum

311 4113 478 4163 creatorem
498 4107 656 4175 ademeris,
676 4121 799 4161 causam
820 4105 968 4174 querendi
988 4121 1050 4160 non
1069 4104 1235 4172 habebunt,
1264 4106 1337 4174 quia
1356 4105 1431 4160 haec
1450 4106 1510 4160 iam

310 4194 425 4248 dudum
444 4195 632 4249 abiecerunt.
714 4190 726 4228 2
745 4191 914 4248 Schismata
933 4191 1016 4261 apud
1034 4192 1204 4247 haereticos
1223 4197 1294 4246 sunt
1313 4207 1349 4246 ea
1379 4191 1515 4261 quidem,

310 4277 363 4332 sed
382 4278 481 4332 minus
499 4279 531 4330 in
551 4279 655 4332 oculos
683 4281 802 4331 nostros
830 4275 945 4329 eadunt
971 4281 1094 4345 propter
1114 4275 1304 4343 discordiam,
1334 4276 1517 4352 quae'inter

309 4377 361 4417 eos
381 4368 411 4417 et
429 4378 485 4418 uos
504 4363 672 4418 intercedit.
744 4357 878 4415 3Matth.
899 4361 923 4428 l,
944 4361 968 4414 7.
