<?xml version="1.0" encoding="UTF-8"?>
<!DOCTYPE html PUBLIC "-//W3C//DTD XHTML 1.0 Transitional//EN"
    "http://www.w3.org/TR/xhtml1/DTD/xhtml1-transitional.dtd">
<html xmlns="http://www.w3.org/1999/xhtml" xml:lang="en" lang="en">
 <head>
  <title>
</title>
<meta http-equiv="Content-Type" content="text/html;charset=utf-8" />
  <meta name='ocr-system' content='tesseract 3.04.00' />
  <meta name='ocr-capabilities' content='ocr_page ocr_carea ocr_par ocr_line ocrx_word'/>
</head>
<body>
  <div class='ocr_page' id='page_1' title='image "./tertullianilibe00irengoog_0051.png"; bbox 0 0 3584 5234; ppageno 0'>
   <div class='ocr_carea' id='block_1_1' title="bbox 401 665 1495 729">
    <p class='ocr_par' dir='ltr' id='par_1_1' title="bbox 401 665 1495 729">
     <span class='ocr_line' id='line_1_1' title="bbox 401 665 1495 729; baseline 0.009 -10"><span class='ocrx_word' id='word_1_1' title='bbox 401 666 453 720; x_wconf 80' lang='lat' dir='ltr'>DE</span> <span class='ocrx_word' id='word_1_2' title='bbox 472 665 809 721; x_wconf 81' lang='lat' dir='ltr'><strong>PRAESCRIPTIONE</strong></span> <span class='ocrx_word' id='word_1_3' title='bbox 829 666 1142 725; x_wconf 83' lang='lat' dir='ltr'><strong>HAERETICORUM</strong></span> <span class='ocrx_word' id='word_1_4' title='bbox 1162 671 1278 725; x_wconf 88' lang='lat' dir='ltr'>XXXII</span> <span class='ocrx_word' id='word_1_5' title='bbox 1295 673 1373 727; x_wconf 77' lang='lat'>2-7.</span> <span class='ocrx_word' id='word_1_6' title='bbox 1455 675 1495 729; x_wconf 73' lang='lat'>45-</span> 
     </span>
    </p>
   </div>
   <div class='ocr_carea' id='block_1_2' title="bbox 202 828 1490 2753">
    <p class='ocr_par' dir='ltr' id='par_1_2' title="bbox 287 828 1490 1424">
     <span class='ocr_line' id='line_1_2' title="bbox 289 828 1490 907; baseline 0.007 -15"><span class='ocrx_word' id='word_1_7' title='bbox 289 830 517 907; x_wconf 59' lang='lat' dir='ltr'>severaveriti,</span> <span class='ocrx_word' id='word_1_8' title='bbox 543 828 692 894; x_wconf 89' lang='lat' dir='ltr'>habuerit</span> <span class='ocrx_word' id='word_1_9' title='bbox 715 837 877 894; x_wconf 82' lang='lat' dir='ltr'>auctorem</span> <span class='ocrx_word' id='word_1_10' title='bbox 912 837 944 894; x_wconf 91' lang='lat' dir='ltr'>et</span> <span class='ocrx_word' id='word_1_11' title='bbox 976 838 1220 896; x_wconf 79' lang='lat' dir='ltr'>antecessorem.</span> <span class='ocrx_word' id='word_1_12' title='bbox 1267 834 1374 899; x_wconf 85' lang='lat' dir='ltr'>2Hoc</span> <span class='ocrx_word' id='word_1_13' title='bbox 1405 837 1490 900; x_wconf 91' lang='lat' dir='ltr'>enirn</span> 
     </span>
     <span class='ocr_line' id='line_1_3' title="bbox 288 931 1488 1022; baseline 0.006 -29"><span class='ocrx_word' id='word_1_14' title='bbox 288 931 383 995; x_wconf 92' lang='lat' dir='ltr'>modo</span> <span class='ocrx_word' id='word_1_15' title='bbox 408 931 566 996; x_wconf 90' lang='lat' dir='ltr'>ecclesiae</span> <span class='ocrx_word' id='word_1_16' title='bbox 589 931 788 1015; x_wconf 88' lang='lat' dir='ltr'>apostolicae</span> <span class='ocrx_word' id='word_1_17' title='bbox 812 951 926 997; x_wconf 91' lang='lat' dir='ltr'>census</span> <span class='ocrx_word' id='word_1_18' title='bbox 954 936 1046 998; x_wconf 81' lang='lat' dir='ltr'>suos¹</span> <span class='ocrx_word' id='word_1_19' title='bbox 1071 932 1236 1020; x_wconf 79' lang='lat' dir='ltr'>deferunt3</span> <span class='ocrx_word' id='word_1_20' title='bbox 1270 936 1353 1001; x_wconf 91' lang='lat' dir='ltr'>sicut</span> <span class='ocrx_word' id='word_1_21' title='bbox 1378 937 1488 1022; x_wconf 87' lang='lat' dir='ltr'>Smyr-</span> 
     </span>
     <span class='ocr_line' id='line_1_4' title="bbox 288 1034 1488 1121; baseline 0.005 -23"><span class='ocrx_word' id='word_1_22' title='bbox 288 1053 441 1099; x_wconf 91' lang='lat' dir='ltr'>naeorum</span> <span class='ocrx_word' id='word_1_23' title='bbox 466 1035 604 1099; x_wconf 91' lang='lat' dir='ltr'>ecclesia</span> <span class='ocrx_word' id='word_1_24' title='bbox 628 1034 843 1118; x_wconf 78' lang='lat' dir='ltr'>Polycarpum</span> <span class='ocrx_word' id='word_1_25' title='bbox 871 1035 913 1100; x_wconf 92' lang='lat' dir='ltr'>ab</span> <span class='ocrx_word' id='word_1_26' title='bbox 947 1035 1090 1100; x_wconf 85' lang='lat' dir='ltr'>Iohanne</span> <span class='ocrx_word' id='word_1_27' title='bbox 1123 1037 1325 1102; x_wconf 89' lang='lat' dir='ltr'>conlocatum</span> <span class='ocrx_word' id='word_1_28' title='bbox 1358 1039 1488 1121; x_wconf 58' lang='lat' dir='ltr'>referti,</span> 
     </span>
     <span class='ocr_line' id='line_1_5' title="bbox 287 1135 1488 1207; baseline 0.003 -6"><span class='ocrx_word' id='word_1_29' title='bbox 287 1135 371 1201; x_wconf 93' lang='lat' dir='ltr'>sicut</span> <span class='ocrx_word' id='word_1_30' title='bbox 404 1135 620 1201; x_wconf 87' lang='lat' dir='ltr'>Romanorum</span> <span class='ocrx_word' id='word_1_31' title='bbox 657 1136 852 1201; x_wconf 81' lang='lat' dir='ltr'>Clementem</span> <span class='ocrx_word' id='word_1_32' title='bbox 887 1157 908 1200; x_wconf 93' lang='lat' dir='ltr'>a</span> <span class='ocrx_word' id='word_1_33' title='bbox 942 1137 1038 1202; x_wconf 92' lang='lat' dir='ltr'>Petro</span> <span class='ocrx_word' id='word_1_34' title='bbox 1078 1138 1288 1204; x_wconf 72' lang='lat' dir='ltr'>ordinatumi.</span> <span class='ocrx_word' id='word_1_35' title='bbox 1335 1140 1488 1207; x_wconf 83' lang='lat' dir='ltr'>altidem</span> 
     </span>
     <span class='ocr_line' id='line_1_6' title="bbox 288 1234 1488 1325; baseline 0.005 -24"><span class='ocrx_word' id='word_1_36' title='bbox 288 1234 468 1322; x_wconf 82' lang='lat' dir='ltr'>[perinde]b</span> <span class='ocrx_word' id='word_1_37' title='bbox 501 1238 611 1319; x_wconf 91' lang='lat' dir='ltr'>utique</span> <span class='ocrx_word' id='word_1_38' title='bbox 641 1244 674 1302; x_wconf 87' lang='lat' dir='ltr'>et</span> <span class='ocrx_word' id='word_1_39' title='bbox 710 1244 837 1302; x_wconf 90' lang='lat' dir='ltr'>ceterae</span> <span class='ocrx_word' id='word_1_40' title='bbox 861 1238 1024 1314; x_wconf 82' lang='lat' dir='ltr'>exhibent,</span> <span class='ocrx_word' id='word_1_41' title='bbox 1060 1259 1138 1320; x_wconf 88' lang='lat' dir='ltr'>quos</span> <span class='ocrx_word' id='word_1_42' title='bbox 1173 1240 1214 1305; x_wconf 90' lang='lat' dir='ltr'>ab</span> <span class='ocrx_word' id='word_1_43' title='bbox 1247 1242 1423 1325; x_wconf 76' lang='lat' dir='ltr'>apostolis⁰</span> <span class='ocrx_word' id='word_1_44' title='bbox 1455 1244 1488 1307; x_wconf 92' lang='lat' dir='ltr'>in</span> 
     </span>
     <span class='ocr_line' id='line_1_7' title="bbox 287 1339 1420 1424; baseline 0.004 -19"><span class='ocrx_word' id='word_1_45' title='bbox 287 1339 508 1424; x_wconf 89' lang='lat' dir='ltr'>episcopatum</span> <span class='ocrx_word' id='word_1_46' title='bbox 533 1340 723 1406; x_wconf 90' lang='lat' dir='ltr'>constitutos</span> <span class='ocrx_word' id='word_1_47' title='bbox 747 1340 918 1424; x_wconf 89' lang='lat' dir='ltr'>apostolici</span> <span class='ocrx_word' id='word_1_48' title='bbox 942 1341 1072 1406; x_wconf 89' lang='lat' dir='ltr'>seminis</span> <span class='ocrx_word' id='word_1_49' title='bbox 1098 1341 1247 1408; x_wconf 83' lang='lat' dir='ltr'>traduces</span> <span class='ocrx_word' id='word_1_50' title='bbox 1270 1343 1420 1410; x_wconf 89' lang='lat' dir='ltr'>habeant.</span> 
     </span>
    </p>

    <p class='ocr_par' dir='ltr' id='par_1_3' title="bbox 202 1442 1489 2654">
     <span class='ocr_line' id='line_1_8' title="bbox 392 1442 1489 1530; baseline 0.005 -24"><span class='ocrx_word' id='word_1_51' title='bbox 392 1469 405 1506; x_wconf 79' lang='lat'>4</span> <span class='ocrx_word' id='word_1_52' title='bbox 428 1442 625 1525; x_wconf 81' lang='lat' dir='ltr'>Confingant</span> <span class='ocrx_word' id='word_1_53' title='bbox 649 1443 714 1507; x_wconf 89' lang='lat' dir='ltr'>tale</span> <span class='ocrx_word' id='word_1_54' title='bbox 738 1442 859 1524; x_wconf 91' lang='lat' dir='ltr'>aliquid</span> <span class='ocrx_word' id='word_1_55' title='bbox 884 1443 1049 1508; x_wconf 90' lang='lat' dir='ltr'>haeretici.</span> <span class='ocrx_word' id='word_1_56' title='bbox 1098 1444 1181 1521; x_wconf 77' lang='lat' dir='ltr'>Quid</span> <span class='ocrx_word' id='word_1_57' title='bbox 1206 1442 1313 1509; x_wconf 84' lang='lat' dir='ltr'>enimd</span> <span class='ocrx_word' id='word_1_58' title='bbox 1336 1446 1400 1511; x_wconf 92' lang='lat' dir='ltr'>illis</span> <span class='ocrx_word' id='word_1_59' title='bbox 1415 1454 1489 1530; x_wconf 93' lang='lat' dir='ltr'>post</span> 
     </span>
     <span class='ocr_line' id='line_1_9' title="bbox 202 1545 1487 1631; baseline 0.002 -20"><span class='ocrx_word' id='word_1_60' title='bbox 202 1586 205 1593; x_wconf 85' lang='lat'><strong>·</strong></span> <span class='ocrx_word' id='word_1_61' title='bbox 286 1546 518 1630; x_wconf 86' lang='lat' dir='ltr'>blasphemiam</span> <span class='ocrx_word' id='word_1_62' title='bbox 543 1545 700 1609; x_wconf 90' lang='lat' dir='ltr'>inlicitum</span> <span class='ocrx_word' id='word_1_63' title='bbox 718 1545 790 1610; x_wconf 76' lang='lat' dir='ltr'>est?</span> <span class='ocrx_word' id='word_1_64' title='bbox 825 1569 838 1609; x_wconf 80' lang='lat' dir='ltr'>a</span> <span class='ocrx_word' id='word_1_65' title='bbox 854 1545 921 1611; x_wconf 83' lang='lat' dir='ltr'>Sed</span> <span class='ocrx_word' id='word_1_66' title='bbox 939 1546 999 1610; x_wconf 88' lang='lat' dir='ltr'>etsi</span> <span class='ocrx_word' id='word_1_67' title='bbox 1015 1546 1242 1629; x_wconf 83' lang='lat' dir='ltr'>confinxerint,</span> <span class='ocrx_word' id='word_1_68' title='bbox 1266 1547 1347 1611; x_wconf 92' lang='lat' dir='ltr'>nihil</span> <span class='ocrx_word' id='word_1_69' title='bbox 1363 1568 1487 1631; x_wconf 93' lang='lat' dir='ltr'>promo·</span> 
     </span>
     <span class='ocr_line' id='line_1_10' title="bbox 285 1646 1488 1734; baseline 0.002 -20"><span class='ocrx_word' id='word_1_70' title='bbox 285 1649 415 1715; x_wconf 87' lang='lat' dir='ltr'>vehunt.</span> <span class='ocrx_word' id='word_1_71' title='bbox 462 1650 538 1733; x_wconf 90' lang='lat' dir='ltr'>Ipsa</span> <span class='ocrx_word' id='word_1_72' title='bbox 562 1648 646 1713; x_wconf 91' lang='lat' dir='ltr'>enim</span> <span class='ocrx_word' id='word_1_73' title='bbox 670 1646 817 1712; x_wconf 90' lang='lat' dir='ltr'>doctrina</span> <span class='ocrx_word' id='word_1_74' title='bbox 847 1666 955 1712; x_wconf 91' lang='lat' dir='ltr'>eorum</span> <span class='ocrx_word' id='word_1_75' title='bbox 987 1667 1058 1712; x_wconf 91' lang='lat' dir='ltr'>cum</span> <span class='ocrx_word' id='word_1_76' title='bbox 1088 1648 1267 1731; x_wconf 89' lang='lat' dir='ltr'>apostolica</span> <span class='ocrx_word' id='word_1_77' title='bbox 1300 1657 1488 1734; x_wconf 89' lang='lat' dir='ltr'>comparata</span> 
     </span>
     <span class='ocr_line' id='line_1_11' title="bbox 286 1750 1487 1836; baseline 0.001 -20"><span class='ocrx_word' id='word_1_78' title='bbox 286 1771 327 1816; x_wconf 86' lang='lat' dir='ltr'>ex</span> <span class='ocrx_word' id='word_1_79' title='bbox 350 1751 538 1817; x_wconf 88' lang='lat' dir='ltr'>diversitate</span> <span class='ocrx_word' id='word_1_80' title='bbox 562 1759 594 1816; x_wconf 92' lang='lat' dir='ltr'>et</span> <span class='ocrx_word' id='word_1_81' title='bbox 619 1750 848 1816; x_wconf 84' lang='lat' dir='ltr'>contrarietate</span> <span class='ocrx_word' id='word_1_82' title='bbox 881 1769 939 1813; x_wconf 89' lang='lat' dir='ltr'>sua</span> <span class='ocrx_word' id='word_1_83' title='bbox 971 1750 1191 1833; x_wconf 87' lang='lat' dir='ltr'>pronuntiabit</span> <span class='ocrx_word' id='word_1_84' title='bbox 1222 1770 1325 1832; x_wconf 92' lang='lat' dir='ltr'>neque</span> <span class='ocrx_word' id='word_1_85' title='bbox 1349 1753 1487 1836; x_wconf 89' lang='lat' dir='ltr'>apostoli</span> 
     </span>
     <span class='ocr_line' id='line_1_12' title="bbox 286 1850 1487 1936; baseline 0.001 -18"><span class='ocrx_word' id='word_1_86' title='bbox 286 1854 421 1918; x_wconf 89' lang='lat' dir='ltr'>alicuius</span> <span class='ocrx_word' id='word_1_87' title='bbox 445 1853 584 1918; x_wconf 90' lang='lat' dir='ltr'>auctoris</span> <span class='ocrx_word' id='word_1_88' title='bbox 609 1872 679 1918; x_wconf 91' lang='lat' dir='ltr'>esse</span> <span class='ocrx_word' id='word_1_89' title='bbox 703 1871 806 1933; x_wconf 90' lang='lat' dir='ltr'>neque</span> <span class='ocrx_word' id='word_1_90' title='bbox 835 1850 1021 1935; x_wconf 65' lang='lat' dir='ltr'>apostolici,</span> <span class='ocrx_word' id='word_1_91' title='bbox 1047 1851 1122 1933; x_wconf 92' lang='lat' dir='ltr'>quia</span> <span class='ocrx_word' id='word_1_92' title='bbox 1138 1852 1245 1916; x_wconf 79' lang='lat' dir='ltr'>sicute</span> <span class='ocrx_word' id='word_1_93' title='bbox 1268 1852 1407 1936; x_wconf 89' lang='lat' dir='ltr'>apostoli</span> <span class='ocrx_word' id='word_1_94' title='bbox 1423 1875 1487 1919; x_wconf 96' lang='lat' dir='ltr'>non</span> 
     </span>
     <span class='ocr_line' id='line_1_13' title="bbox 286 1951 1487 2037; baseline 0.002 -19"><span class='ocrx_word' id='word_1_95' title='bbox 286 1955 414 2021; x_wconf 88' lang='lat' dir='ltr'>diversa</span> <span class='ocrx_word' id='word_1_96' title='bbox 442 1955 525 2019; x_wconf 93' lang='lat' dir='ltr'>inter</span> <span class='ocrx_word' id='word_1_97' title='bbox 558 1974 592 2019; x_wconf 93' lang='lat' dir='ltr'>se</span> <span class='ocrx_word' id='word_1_98' title='bbox 629 1953 823 2036; x_wconf 83' lang='lat' dir='ltr'>docuissent,</span> <span class='ocrx_word' id='word_1_99' title='bbox 862 1953 909 2018; x_wconf 90' lang='lat' dir='ltr'>ita</span> <span class='ocrx_word' id='word_1_100' title='bbox 942 1961 975 2018; x_wconf 89' lang='lat' dir='ltr'>et</span> <span class='ocrx_word' id='word_1_101' title='bbox 1008 1951 1197 2037; x_wconf 76' lang='lat' dir='ltr'>apostolicif</span> <span class='ocrx_word' id='word_1_102' title='bbox 1227 1975 1290 2019; x_wconf 94' lang='lat' dir='ltr'>non</span> <span class='ocrx_word' id='word_1_103' title='bbox 1326 1958 1487 2020; x_wconf 88' lang='lat' dir='ltr'>contraria</span> 
     </span>
     <span class='ocr_line' id='line_1_14' title="bbox 285 2055 1487 2142; baseline 0 -21"><span class='ocrx_word' id='word_1_104' title='bbox 285 2057 439 2142; x_wconf 91' lang='lat' dir='ltr'>apostolis</span> <span class='ocrx_word' id='word_1_105' title='bbox 464 2056 649 2138; x_wconf 87' lang='lat' dir='ltr'>edidissent,</span> <span class='ocrx_word' id='word_1_106' title='bbox 675 2057 735 2121; x_wconf 90' lang='lat' dir='ltr'>nisi</span> <span class='ocrx_word' id='word_1_107' title='bbox 758 2055 817 2136; x_wconf 92' lang='lat' dir='ltr'>illi,</span> <span class='ocrx_word' id='word_1_108' title='bbox 851 2056 906 2136; x_wconf 92' lang='lat' dir='ltr'>qui</span> <span class='ocrx_word' id='word_1_109' title='bbox 930 2057 971 2120; x_wconf 93' lang='lat' dir='ltr'>ab</span> <span class='ocrx_word' id='word_1_110' title='bbox 995 2056 1152 2140; x_wconf 89' lang='lat' dir='ltr'>apostolis</span> <span class='ocrx_word' id='word_1_111' title='bbox 1176 2056 1368 2139; x_wconf 90' lang='lat' dir='ltr'>didicerunt,</span> <span class='ocrx_word' id='word_1_112' title='bbox 1393 2058 1487 2123; x_wconf 91' lang='lat' dir='ltr'>aliter</span> 
     </span>
     <span class='ocr_line' id='line_1_15' title="bbox 285 2157 1485 2245; baseline 0.002 -21"><span class='ocrx_word' id='word_1_113' title='bbox 285 2160 585 2245; x_wconf 68' lang='lat' dir='ltr'>praedicaverunts.</span> <span class='ocrx_word' id='word_1_114' title='bbox 632 2158 712 2223; x_wconf 88' lang='lat' dir='ltr'>eAd</span> <span class='ocrx_word' id='word_1_115' title='bbox 737 2159 820 2224; x_wconf 94' lang='lat' dir='ltr'>hanc</span> <span class='ocrx_word' id='word_1_116' title='bbox 843 2159 953 2239; x_wconf 92' lang='lat' dir='ltr'>itaque</span> <span class='ocrx_word' id='word_1_117' title='bbox 977 2158 1115 2223; x_wconf 89' lang='lat' dir='ltr'>formam</span> <span class='ocrx_word' id='word_1_118' title='bbox 1139 2157 1420 2242; x_wconf 78' lang='lat' dir='ltr'>provocabunturh</span> <span class='ocrx_word' id='word_1_119' title='bbox 1444 2162 1485 2226; x_wconf 90' lang='lat' dir='ltr'>ab</span> 
     </span>
     <span class='ocr_line' id='line_1_16' title="bbox 284 2261 1486 2347; baseline 0.002 -22"><span class='ocrx_word' id='word_1_120' title='bbox 284 2262 348 2328; x_wconf 92' lang='lat' dir='ltr'>illis</span> <span class='ocrx_word' id='word_1_121' title='bbox 378 2262 533 2343; x_wconf 88' lang='lat' dir='ltr'>ecclesiis,</span> <span class='ocrx_word' id='word_1_122' title='bbox 569 2282 651 2344; x_wconf 89' lang='lat' dir='ltr'>quae</span> <span class='ocrx_word' id='word_1_123' title='bbox 687 2261 764 2326; x_wconf 91' lang='lat' dir='ltr'>licet</span> <span class='ocrx_word' id='word_1_124' title='bbox 799 2261 920 2324; x_wconf 92' lang='lat' dir='ltr'>nullum</span> <span class='ocrx_word' id='word_1_125' title='bbox 954 2281 994 2325; x_wconf 85' lang='lat' dir='ltr'>ex</span> <span class='ocrx_word' id='word_1_126' title='bbox 1028 2262 1183 2344; x_wconf 88' lang='lat' dir='ltr'>apostolis</span> <span class='ocrx_word' id='word_1_127' title='bbox 1216 2263 1267 2326; x_wconf 91' lang='lat' dir='ltr'>vel</span> <span class='ocrx_word' id='word_1_128' title='bbox 1300 2263 1486 2347; x_wconf 90' lang='lat' dir='ltr'>apostolicis</span> 
     </span>
     <span class='ocr_line' id='line_1_17' title="bbox 284 2360 1486 2449; baseline 0.002 -22"><span class='ocrx_word' id='word_1_129' title='bbox 284 2371 447 2429; x_wconf 92' lang='lat' dir='ltr'>auctorem</span> <span class='ocrx_word' id='word_1_130' title='bbox 473 2384 563 2429; x_wconf 92' lang='lat' dir='ltr'>suum</span> <span class='ocrx_word' id='word_1_131' title='bbox 586 2360 778 2449; x_wconf 73' lang='lat' dir='ltr'>proferenti,</span> <span class='ocrx_word' id='word_1_132' title='bbox 810 2369 846 2428; x_wconf 89' lang='lat' dir='ltr'>ut</span> <span class='ocrx_word' id='word_1_133' title='bbox 869 2363 968 2427; x_wconf 92' lang='lat' dir='ltr'>multo</span> <span class='ocrx_word' id='word_1_134' title='bbox 992 2363 1196 2447; x_wconf 84' lang='lat' dir='ltr'>posteriores,</span> <span class='ocrx_word' id='word_1_135' title='bbox 1221 2383 1303 2446; x_wconf 92' lang='lat' dir='ltr'>quae</span> <span class='ocrx_word' id='word_1_136' title='bbox 1327 2364 1486 2447; x_wconf 77' lang='lat' dir='ltr'>denique4</span> 
     </span>
     <span class='ocr_line' id='line_1_18' title="bbox 285 2464 1484 2550; baseline 0.003 -22"><span class='ocrx_word' id='word_1_137' title='bbox 285 2466 418 2530; x_wconf 89' lang='lat' dir='ltr'>cottidie</span> <span class='ocrx_word' id='word_1_138' title='bbox 451 2466 667 2548; x_wconf 90' lang='lat' dir='ltr'>instituuntur,</span> <span class='ocrx_word' id='word_1_139' title='bbox 704 2473 811 2531; x_wconf 91' lang='lat' dir='ltr'>tamen</span> <span class='ocrx_word' id='word_1_140' title='bbox 844 2468 876 2530; x_wconf 93' lang='lat' dir='ltr'>in</span> <span class='ocrx_word' id='word_1_141' title='bbox 911 2465 1024 2532; x_wconf 87' lang='lat' dir='ltr'>eadem</span> <span class='ocrx_word' id='word_1_142' title='bbox 1057 2464 1126 2530; x_wconf 84' lang='lat' dir='ltr'>fide</span> <span class='ocrx_word' id='word_1_143' title='bbox 1155 2468 1385 2550; x_wconf 90' lang='lat' dir='ltr'>conspirantes,</span> <span class='ocrx_word' id='word_1_144' title='bbox 1421 2489 1484 2533; x_wconf 92' lang='lat' dir='ltr'>non</span> 
     </span>
     <span class='ocr_line' id='line_1_19' title="bbox 284 2567 1412 2654; baseline 0.003 -22"><span class='ocrx_word' id='word_1_145' title='bbox 284 2569 387 2632; x_wconf 89' lang='lat' dir='ltr'>minus</span> <span class='ocrx_word' id='word_1_146' title='bbox 410 2567 608 2652; x_wconf 88' lang='lat' dir='ltr'>apostolicae</span> <span class='ocrx_word' id='word_1_147' title='bbox 632 2567 827 2652; x_wconf 91' lang='lat' dir='ltr'>deputantur</span> <span class='ocrx_word' id='word_1_148' title='bbox 850 2588 908 2654; x_wconf 91' lang='lat' dir='ltr'>pro</span> <span class='ocrx_word' id='word_1_149' title='bbox 933 2567 1213 2652; x_wconf 83' lang='lat' dir='ltr'>consanguinitate</span> <span class='ocrx_word' id='word_1_150' title='bbox 1237 2569 1412 2635; x_wconf 90' lang='lat' dir='ltr'>doctrinae.</span> 
     </span>
    </p>

    <p class='ocr_par' dir='ltr' id='par_1_4' title="bbox 390 2669 1486 2753">
     <span class='ocr_line' id='line_1_20' title="bbox 390 2669 1486 2753; baseline 0.002 -17"><span class='ocrx_word' id='word_1_151' title='bbox 390 2671 477 2736; x_wconf 74' lang='lat' dir='ltr'>alta</span> <span class='ocrx_word' id='word_1_152' title='bbox 506 2690 614 2735; x_wconf 90' lang='lat' dir='ltr'>omnes</span> <span class='ocrx_word' id='word_1_153' title='bbox 642 2670 791 2736; x_wconf 88' lang='lat' dir='ltr'>haereses</span> <span class='ocrx_word' id='word_1_154' title='bbox 823 2671 865 2736; x_wconf 91' lang='lat' dir='ltr'>ad</span> <span class='ocrx_word' id='word_1_155' title='bbox 900 2677 1068 2753; x_wconf 90' lang='lat' dir='ltr'>utramque</span> <span class='ocrx_word' id='word_1_156' title='bbox 1101 2670 1259 2736; x_wconf 83' lang='lat' dir='ltr'>formam5</span> <span class='ocrx_word' id='word_1_157' title='bbox 1291 2669 1335 2736; x_wconf 75' lang='lat' dir='ltr'>a¹¹</span> <span class='ocrx_word' id='word_1_158' title='bbox 1367 2673 1486 2738; x_wconf 93' lang='lat' dir='ltr'>nostris</span> 
     </span>
    </p>
   </div>
   <div class='ocr_carea' id='block_1_3' title="bbox 437 2876 1485 3458">
    <p class='ocr_par' dir='ltr' id='par_1_5' title="bbox 437 2876 1485 3458">
     <span class='ocr_line' id='line_1_21' title="bbox 443 2876 1485 2949; baseline 0.003 -17"><span class='ocrx_word' id='word_1_159' title='bbox 443 2890 458 2920; x_wconf 76' lang='lat' dir='ltr'>a</span> <span class='ocrx_word' id='word_1_160' title='bbox 472 2880 516 2934; x_wconf 88' lang='lat' dir='ltr'>ita</span> <span class='ocrx_word' id='word_1_161' title='bbox 534 2877 648 2948; x_wconf 87' lang='lat' dir='ltr'>Aabpr,</span> <span class='ocrx_word' id='word_1_162' title='bbox 673 2876 937 2948; x_wconf 80' lang='lat' dir='ltr'>perseveraverint</span> <span class='ocrx_word' id='word_1_163' title='bbox 964 2877 1010 2946; x_wconf 86' lang='lat' dir='ltr'>Sc,</span> <span class='ocrx_word' id='word_1_164' title='bbox 1037 2881 1307 2946; x_wconf 81' lang='lat' dir='ltr'>perseuerauerunt</span> <span class='ocrx_word' id='word_1_165' title='bbox 1324 2879 1358 2947; x_wconf 88' lang='lat' dir='ltr'>L,</span> <span class='ocrx_word' id='word_1_166' title='bbox 1382 2895 1485 2949; x_wconf 83' lang='lat' dir='ltr'>persc-</span> 
     </span>
     <span class='ocr_line' id='line_1_22' title="bbox 443 2962 1485 3034; baseline 0.001 -16"><span class='ocrx_word' id='word_1_167' title='bbox 443 2963 559 3018; x_wconf 82' lang='lat' dir='ltr'>oeraoc‘t</span> <span class='ocrx_word' id='word_1_168' title='bbox 579 2981 604 3018; x_wconf 90' lang='lat' dir='ltr'>o.</span> <span class='ocrx_word' id='word_1_169' title='bbox 687 2963 703 3005; x_wconf 79' lang='lat' dir='ltr'>b</span> <span class='ocrx_word' id='word_1_170' title='bbox 723 2965 766 3018; x_wconf 90' lang='lat' dir='ltr'>ita</span> <span class='ocrx_word' id='word_1_171' title='bbox 785 2980 828 3033; x_wconf 92' lang='lat' dir='ltr'>pr,</span> <span class='ocrx_word' id='word_1_172' title='bbox 848 2965 879 3016; x_wconf 91' lang='lat' dir='ltr'>in</span> <span class='ocrx_word' id='word_1_173' title='bbox 900 2962 927 3016; x_wconf 88' lang='lat' dir='ltr'>A</span> <span class='ocrx_word' id='word_1_174' title='bbox 947 2964 1022 3017; x_wconf 89' lang='lat' dir='ltr'>haec</span> <span class='ocrx_word' id='word_1_175' title='bbox 1041 2964 1137 3017; x_wconf 86' lang='lat' dir='ltr'>verba</span> <span class='ocrx_word' id='word_1_176' title='bbox 1150 2979 1211 3018; x_wconf 91' lang='lat' dir='ltr'>non</span> <span class='ocrx_word' id='word_1_177' title='bbox 1224 2965 1284 3017; x_wconf 91' lang='lat' dir='ltr'>iam</span> <span class='ocrx_word' id='word_1_178' title='bbox 1298 2972 1485 3034; x_wconf 89' lang='lat' dir='ltr'>comparent,</span> 
     </span>
     <span class='ocr_line' id='line_1_23' title="bbox 442 3046 1484 3119; baseline 0.002 -17"><span class='ocrx_word' id='word_1_179' title='bbox 442 3047 476 3104; x_wconf 83' lang='lat' dir='ltr'>id</span> <span class='ocrx_word' id='word_1_180' title='bbox 495 3051 522 3103; x_wconf 86' lang='lat' dir='ltr'>ct</span> <span class='ocrx_word' id='word_1_181' title='bbox 535 3047 671 3117; x_wconf 81' lang='lat' dir='ltr'>proinde</span> <span class='ocrx_word' id='word_1_182' title='bbox 690 3046 739 3119; x_wconf 88' lang='lat' dir='ltr'>Sa,</span> <span class='ocrx_word' id='word_1_183' title='bbox 768 3047 850 3104; x_wconf 81' lang='lat' dir='ltr'>idem</span> <span class='ocrx_word' id='word_1_184' title='bbox 867 3046 999 3117; x_wconf 80' lang='lat' dir='ltr'>proinde</span> <span class='ocrx_word' id='word_1_185' title='bbox 1018 3048 1053 3113; x_wconf 89' lang='lat' dir='ltr'>L,</span> <span class='ocrx_word' id='word_1_186' title='bbox 1078 3046 1141 3102; x_wconf 85' lang='lat' dir='ltr'>edit</span> <span class='ocrx_word' id='word_1_187' title='bbox 1158 3046 1289 3116; x_wconf 76' lang='lat' dir='ltr'>prolude</span> <span class='ocrx_word' id='word_1_188' title='bbox 1309 3052 1355 3119; x_wconf 94' lang='lat' dir='ltr'>bc,</span> <span class='ocrx_word' id='word_1_189' title='bbox 1375 3048 1484 3105; x_wconf 79' lang='lat' dir='ltr'>itidem</span> 
     </span>
     <span class='ocr_line' id='line_1_24' title="bbox 437 3130 1482 3203; baseline 0.002 -16"><span class='ocrx_word' id='word_1_190' title='bbox 437 3132 569 3202; x_wconf 80' lang='lat' dir='ltr'>perinde</span> <span class='ocrx_word' id='word_1_191' title='bbox 581 3150 607 3189; x_wconf 93' lang='lat' dir='ltr'>o.</span> <span class='ocrx_word' id='word_1_192' title='bbox 680 3141 695 3175; x_wconf 75' lang='lat'>0</span> <span class='ocrx_word' id='word_1_193' title='bbox 709 3130 841 3203; x_wconf 82' lang='lat' dir='ltr'>apostoli</span> <span class='ocrx_word' id='word_1_194' title='bbox 851 3139 929 3203; x_wconf 71' lang='lat' dir='ltr'>(prot</span> <span class='ocrx_word' id='word_1_195' title='bbox 941 3133 980 3186; x_wconf 89' lang='lat' dir='ltr'>ab</span> <span class='ocrx_word' id='word_1_196' title='bbox 991 3136 1050 3201; x_wconf 84' lang='lat' dir='ltr'>ap.)</span> <span class='ocrx_word' id='word_1_197' title='bbox 1060 3130 1115 3187; x_wconf 85' lang='lat' dir='ltr'>Ls.</span> <span class='ocrx_word' id='word_1_198' title='bbox 1176 3130 1285 3188; x_wconf 71' lang='lat' dir='ltr'>danim</span> <span class='ocrx_word' id='word_1_199' title='bbox 1296 3136 1439 3189; x_wconf 87' lang='lat' dir='ltr'>omiserat</span> <span class='ocrx_word' id='word_1_200' title='bbox 1448 3133 1482 3190; x_wconf 89' lang='grc' dir='ltr'>Α,</span> 
     </span>
     <span class='ocr_line' id='line_1_25' title="bbox 441 3215 1482 3287; baseline 0.001 -15"><span class='ocrx_word' id='word_1_201' title='bbox 441 3218 599 3287; x_wconf 76' lang='lat' dir='ltr'>eapostoti</span> <span class='ocrx_word' id='word_1_202' title='bbox 628 3217 763 3273; x_wconf 81' lang='lat' dir='ltr'>alicuius</span> <span class='ocrx_word' id='word_1_203' title='bbox 910 3215 990 3272; x_wconf 77' lang='lat' dir='ltr'>sicut</span> <span class='ocrx_word' id='word_1_204' title='bbox 1010 3232 1066 3271; x_wconf 91' lang='lat' dir='ltr'>om.</span> <span class='ocrx_word' id='word_1_205' title='bbox 1086 3216 1121 3270; x_wconf 88' lang='lat' dir='ltr'>A.</span> <span class='ocrx_word' id='word_1_206' title='bbox 1231 3215 1429 3286; x_wconf 64' lang='lat' dir='ltr'>repostoria</span> <span class='ocrx_word' id='word_1_207' title='bbox 1447 3219 1482 3273; x_wconf 84' lang='lat' dir='ltr'>A.</span> 
     </span>
     <span class='ocr_line' id='line_1_26' title="bbox 441 3300 1485 3372; baseline 0.003 -18"><span class='ocrx_word' id='word_1_208' title='bbox 441 3302 658 3357; x_wconf 77' lang='lat' dir='ltr'>sdcscc&#39;vcruat</span> <span class='ocrx_word' id='word_1_209' title='bbox 671 3304 751 3372; x_wconf 75' lang='lat' dir='ltr'>(proz</span> <span class='ocrx_word' id='word_1_210' title='bbox 766 3302 938 3356; x_wconf 89' lang='lat' dir='ltr'>didicerunt</span> <span class='ocrx_word' id='word_1_211' title='bbox 952 3302 989 3355; x_wconf 88' lang='lat' dir='ltr'>al.</span> <span class='ocrx_word' id='word_1_212' title='bbox 1004 3301 1119 3371; x_wconf 88' lang='lat' dir='ltr'>praed.)</span> <span class='ocrx_word' id='word_1_213' title='bbox 1133 3300 1161 3356; x_wconf 87' lang='lat' dir='ltr'>S.</span> <span class='ocrx_word' id='word_1_214' title='bbox 1236 3300 1253 3342; x_wconf 82' lang='lat'>11</span> <span class='ocrx_word' id='word_1_215' title='bbox 1268 3303 1485 3370; x_wconf 76' lang='lat' dir='ltr'>probabuntur</span> 
     </span>
     <span class='ocr_line' id='line_1_27' title="bbox 442 3384 1435 3458; baseline -0.002 -17"><span class='ocrx_word' id='word_1_216' title='bbox 442 3386 496 3443; x_wconf 92' lang='lat' dir='ltr'>Ao.</span> <span class='ocrx_word' id='word_1_217' title='bbox 582 3387 808 3458; x_wconf 81' lang='lat' dir='ltr'>iproferebant</span> <span class='ocrx_word' id='word_1_218' title='bbox 825 3387 859 3442; x_wconf 88' lang='lat' dir='ltr'>A.</span> <span class='ocrx_word' id='word_1_219' title='bbox 951 3386 1045 3440; x_wconf 71' lang='lat' dir='ltr'>l10111.</span> <span class='ocrx_word' id='word_1_220' title='bbox 1065 3385 1141 3441; x_wconf 85' lang='lat' dir='ltr'>LSa.</span> <span class='ocrx_word' id='word_1_221' title='bbox 1427 3384 1435 3399; x_wconf 92' lang='lat'>&#39;</span> 
     </span>
    </p>
   </div>
   <div class='ocr_carea' id='block_1_4' title="bbox 276 3546 1489 4381">
    <p class='ocr_par' dir='ltr' id='par_1_6' title="bbox 276 3546 1489 4381">
     <span class='ocr_line' id='line_1_28' title="bbox 388 3546 1482 3619; baseline -0.001 -16"><span class='ocrx_word' id='word_1_222' title='bbox 388 3547 399 3584; x_wconf 85' lang='lat'>1</span> <span class='ocrx_word' id='word_1_223' title='bbox 431 3550 574 3619; x_wconf 84' lang='lat' dir='ltr'>origines.</span> <span class='ocrx_word' id='word_1_224' title='bbox 676 3546 689 3584; x_wconf 74' lang='lat'>2</span> <span class='ocrx_word' id='word_1_225' title='bbox 719 3550 762 3602; x_wconf 89' lang='lat' dir='ltr'>ita</span> <span class='ocrx_word' id='word_1_226' title='bbox 793 3549 883 3602; x_wconf 88' lang='lat' dir='ltr'>etiam</span> <span class='ocrx_word' id='word_1_227' title='bbox 912 3563 933 3601; x_wconf 91' lang='lat' dir='ltr'>s.</span> <span class='ocrx_word' id='word_1_228' title='bbox 954 3547 1109 3614; x_wconf 87' lang='lat' dir='ltr'>Irenaeus,</span> <span class='ocrx_word' id='word_1_229' title='bbox 1138 3546 1216 3600; x_wconf 88' lang='lat' dir='ltr'>Adv.</span> <span class='ocrx_word' id='word_1_230' title='bbox 1241 3547 1322 3601; x_wconf 87' lang='lat' dir='ltr'>haer.</span> <span class='ocrx_word' id='word_1_231' title='bbox 1349 3547 1437 3615; x_wconf 85' lang='lat'>1113,</span> <span class='ocrx_word' id='word_1_232' title='bbox 1456 3548 1482 3602; x_wconf 89' lang='grc'>4.</span> 
     </span>
     <span class='ocr_line' id='line_1_29' title="bbox 279 3629 1481 3703; baseline -0.001 -17"><span class='ocrx_word' id='word_1_233' title='bbox 279 3629 291 3667; x_wconf 81' lang='lat'>³</span> <span class='ocrx_word' id='word_1_234' title='bbox 310 3631 372 3703; x_wconf 90' lang='lat' dir='ltr'>Ipsi</span> <span class='ocrx_word' id='word_1_235' title='bbox 391 3634 482 3689; x_wconf 89' lang='lat' dir='ltr'>Petro</span> <span class='ocrx_word' id='word_1_236' title='bbox 507 3635 643 3703; x_wconf 87' lang='lat' dir='ltr'>apostolo</span> <span class='ocrx_word' id='word_1_237' title='bbox 664 3633 848 3689; x_wconf 86' lang='lat' dir='ltr'>Clementem</span> <span class='ocrx_word' id='word_1_238' title='bbox 877 3634 1059 3688; x_wconf 88' lang='lat' dir='ltr'>successisse</span> <span class='ocrx_word' id='word_1_239' title='bbox 1087 3635 1119 3686; x_wconf 90' lang='lat' dir='ltr'>in</span> <span class='ocrx_word' id='word_1_240' title='bbox 1145 3634 1324 3702; x_wconf 88' lang='lat' dir='ltr'>episcopatu</span> <span class='ocrx_word' id='word_1_241' title='bbox 1343 3632 1481 3686; x_wconf 89' lang='lat' dir='ltr'>Romano</span> 
     </span>
     <span class='ocr_line' id='line_1_30' title="bbox 280 3715 1489 3784; baseline -0.002 -14"><span class='ocrx_word' id='word_1_242' title='bbox 280 3715 361 3772; x_wconf 85' lang='lat' dir='ltr'>Tert.</span> <span class='ocrx_word' id='word_1_243' title='bbox 381 3718 523 3773; x_wconf 91' lang='lat' dir='ltr'>hocloco</span> <span class='ocrx_word' id='word_1_244' title='bbox 543 3718 668 3771; x_wconf 88' lang='lat' dir='ltr'>indicat.</span> <span class='ocrx_word' id='word_1_245' title='bbox 708 3716 796 3781; x_wconf 86' lang='lat' dir='ltr'>Quod</span> <span class='ocrx_word' id='word_1_246' title='bbox 821 3722 928 3771; x_wconf 89' lang='lat' dir='ltr'>contra</span> <span class='ocrx_word' id='word_1_247' title='bbox 947 3716 1094 3771; x_wconf 88' lang='lat' dir='ltr'>Irenaeus</span> <span class='ocrx_word' id='word_1_248' title='bbox 1122 3716 1151 3784; x_wconf 84' lang='lat' dir='ltr'>(l.</span> <span class='ocrx_word' id='word_1_249' title='bbox 1173 3717 1191 3769; x_wconf 89' lang='lat' dir='ltr'>l.</span> <span class='ocrx_word' id='word_1_250' title='bbox 1211 3715 1255 3769; x_wconf 91' lang='lat' dir='ltr'>III</span> <span class='ocrx_word' id='word_1_251' title='bbox 1274 3716 1299 3775; x_wconf 89' lang='lat'>3,</span> <span class='ocrx_word' id='word_1_252' title='bbox 1318 3715 1346 3779; x_wconf 84' lang='lat'>3)</span> <span class='ocrx_word' id='word_1_253' title='bbox 1375 3716 1489 3769; x_wconf 73' lang='lat' dir='ltr'>beatos-</span> 
     </span>
     <span class='ocr_line' id='line_1_31' title="bbox 279 3799 1482 3872; baseline -0.002 -17"><span class='ocrx_word' id='word_1_254' title='bbox 279 3803 432 3871; x_wconf 87' lang='lat' dir='ltr'>apostolos</span> <span class='ocrx_word' id='word_1_255' title='bbox 450 3802 527 3857; x_wconf 92' lang='lat' dir='ltr'>Lino</span> <span class='ocrx_word' id='word_1_256' title='bbox 548 3804 755 3872; x_wconf 90' lang='lat' dir='ltr'>episcopatum</span> <span class='ocrx_word' id='word_1_257' title='bbox 776 3803 1006 3857; x_wconf 86' lang='lat' dir='ltr'>commendasse</span> <span class='ocrx_word' id='word_1_258' title='bbox 1024 3806 1054 3856; x_wconf 91' lang='lat' dir='ltr'>et</span> <span class='ocrx_word' id='word_1_259' title='bbox 1072 3806 1140 3871; x_wconf 89' lang='lat' dir='ltr'>post</span> <span class='ocrx_word' id='word_1_260' title='bbox 1159 3816 1228 3856; x_wconf 91' lang='lat' dir='ltr'>eum</span> <span class='ocrx_word' id='word_1_261' title='bbox 1253 3802 1382 3870; x_wconf 92' lang='lat' dir='ltr'>primurn</span> <span class='ocrx_word' id='word_1_262' title='bbox 1402 3799 1482 3853; x_wconf 87' lang='lat' dir='ltr'>Ana·</span> 
     </span>
     <span class='ocr_line' id='line_1_32' title="bbox 279 3884 1480 3955; baseline -0.003 -15"><span class='ocrx_word' id='word_1_263' title='bbox 279 3886 399 3955; x_wconf 91' lang='lat' dir='ltr'>cletum,</span> <span class='ocrx_word' id='word_1_264' title='bbox 419 3887 529 3942; x_wconf 88' lang='lat' dir='ltr'>deinde</span> <span class='ocrx_word' id='word_1_265' title='bbox 543 3886 729 3942; x_wconf 81' lang='lat' dir='ltr'>Clementem</span> <span class='ocrx_word' id='word_1_266' title='bbox 749 3887 907 3942; x_wconf 89' lang='lat' dir='ltr'>ecclesiam</span> <span class='ocrx_word' id='word_1_267' title='bbox 918 3886 1087 3940; x_wconf 87' lang='lat' dir='ltr'>Romanam</span> <span class='ocrx_word' id='word_1_268' title='bbox 1102 3886 1327 3940; x_wconf 85' lang='lat' dir='ltr'>administrasse</span> <span class='ocrx_word' id='word_1_269' title='bbox 1346 3884 1480 3937; x_wconf 88' lang='lat' dir='ltr'>tradidit.</span> 
     </span>
     <span class='ocr_line' id='line_1_33' title="bbox 278 3969 1482 4041; baseline -0.002 -17"><span class='ocrx_word' id='word_1_270' title='bbox 278 3970 484 4041; x_wconf 85' lang='lat' dir='ltr'>Hieronymus</span> <span class='ocrx_word' id='word_1_271' title='bbox 503 3987 576 4026; x_wconf 91' lang='lat' dir='ltr'>vcro</span> <span class='ocrx_word' id='word_1_272' title='bbox 595 3974 639 4026; x_wconf 90' lang='lat' dir='ltr'>ita</span> <span class='ocrx_word' id='word_1_273' title='bbox 653 3971 709 4038; x_wconf 86' lang='lat' dir='ltr'>(De</span> <span class='ocrx_word' id='word_1_274' title='bbox 723 3971 796 4025; x_wconf 89' lang='lat' dir='ltr'>viris</span> <span class='ocrx_word' id='word_1_275' title='bbox 807 3971 859 4026; x_wconf 89' lang='lat' dir='ltr'>inl.</span> <span class='ocrx_word' id='word_1_276' title='bbox 874 3969 932 4038; x_wconf 70' lang='lat' dir='ltr'>lblz</span> <span class='ocrx_word' id='word_1_277' title='bbox 950 3969 1119 4025; x_wconf 82' lang='lat' dir='ltr'>‘Clemens’</span> <span class='ocrx_word' id='word_1_278' title='bbox 1136 3971 1236 4039; x_wconf 88' lang='lat' dir='ltr'>inquit</span> <span class='ocrx_word' id='word_1_279' title='bbox 1250 4007 1330 4024; x_wconf 89' lang='grc'><strong>.....</strong></span> <span class='ocrx_word' id='word_1_280' title='bbox 1344 3969 1482 4036; x_wconf 85' lang='lat' dir='ltr'>‘quartus</span> 
     </span>
     <span class='ocr_line' id='line_1_34' title="bbox 278 4054 1482 4125; baseline -0.004 -14"><span class='ocrx_word' id='word_1_281' title='bbox 278 4061 347 4124; x_wconf 89' lang='lat' dir='ltr'>post</span> <span class='ocrx_word' id='word_1_282' title='bbox 380 4056 501 4111; x_wconf 90' lang='lat' dir='ltr'>Petrum</span> <span class='ocrx_word' id='word_1_283' title='bbox 533 4056 646 4110; x_wconf 89' lang='lat' dir='ltr'>Romae</span> <span class='ocrx_word' id='word_1_284' title='bbox 682 4057 843 4125; x_wconf 89' lang='lat' dir='ltr'>episcopus</span> <span class='ocrx_word' id='word_1_285' title='bbox 880 4094 887 4109; x_wconf 93' lang='lat'><strong>.</strong></span> <span class='ocrx_word' id='word_1_286' title='bbox 913 4095 919 4108; x_wconf 91' lang='lat'><strong>.</strong></span> <span class='ocrx_word' id='word_1_287' title='bbox 945 4096 951 4109; x_wconf 91' lang='lat'><strong>.</strong></span> <span class='ocrx_word' id='word_1_288' title='bbox 999 4057 1117 4110; x_wconf 86' lang='lat' dir='ltr'>tametsi</span> <span class='ocrx_word' id='word_1_289' title='bbox 1149 4055 1286 4125; x_wconf 89' lang='lat' dir='ltr'>plerique</span> <span class='ocrx_word' id='word_1_290' title='bbox 1316 4054 1482 4107; x_wconf 87' lang='lat' dir='ltr'>latinorum</span> 
     </span>
     <span class='ocr_line' id='line_1_35' title="bbox 278 4137 1481 4211; baseline -0.005 -15"><span class='ocrx_word' id='word_1_291' title='bbox 278 4142 446 4196; x_wconf 89' lang='lat' dir='ltr'>secundum</span> <span class='ocrx_word' id='word_1_292' title='bbox 466 4147 535 4210; x_wconf 87' lang='lat' dir='ltr'>post</span> <span class='ocrx_word' id='word_1_293' title='bbox 553 4141 723 4211; x_wconf 89' lang='lat' dir='ltr'>apostolum</span> <span class='ocrx_word' id='word_1_294' title='bbox 742 4146 850 4211; x_wconf 89' lang='lat' dir='ltr'>putent</span> <span class='ocrx_word' id='word_1_295' title='bbox 868 4142 964 4196; x_wconf 81' lang='lat' dir='ltr'>fuisse</span> <span class='ocrx_word' id='word_1_296' title='bbox 983 4139 1188 4196; x_wconf 83' lang='lat' dir='ltr'>Clementem’.</span> <span class='ocrx_word' id='word_1_297' title='bbox 1283 4137 1404 4194; x_wconf 76' lang='lat' dir='ltr'>⁴etiam</span> <span class='ocrx_word' id='word_1_298' title='bbox 1432 4138 1481 4192; x_wconf 88' lang='lat' dir='ltr'>vel</span> 
     </span>
     <span class='ocr_line' id='line_1_36' title="bbox 278 4223 1487 4297; baseline -0.004 -17"><span class='ocrx_word' id='word_1_299' title='bbox 278 4227 345 4297; x_wconf 89' lang='lat' dir='ltr'>pari</span> <span class='ocrx_word' id='word_1_300' title='bbox 364 4227 463 4281; x_wconf 89' lang='lat' dir='ltr'>modo.</span> <span class='ocrx_word' id='word_1_301' title='bbox 536 4223 659 4280; x_wconf 82' lang='lat' dir='ltr'>⁵unam</span> <span class='ocrx_word' id='word_1_302' title='bbox 679 4227 879 4282; x_wconf 86' lang='lat' dir='ltr'>successionis</span> <span class='ocrx_word' id='word_1_303' title='bbox 899 4227 1121 4295; x_wconf 88' lang='lat' dir='ltr'>episcoporum,</span> <span class='ocrx_word' id='word_1_304' title='bbox 1140 4226 1265 4280; x_wconf 88' lang='lat' dir='ltr'>alteram</span> <span class='ocrx_word' id='word_1_305' title='bbox 1282 4223 1487 4279; x_wconf 88' lang='lat' dir='ltr'>successionis.</span> 
     </span>
     <span class='ocr_line' id='line_1_37' title="bbox 276 4310 988 4381; baseline -0.003 -15"><span class='ocrx_word' id='word_1_306' title='bbox 276 4313 310 4366; x_wconf 90' lang='lat' dir='ltr'>in</span> <span class='ocrx_word' id='word_1_307' title='bbox 324 4312 591 4381; x_wconf 85' lang='lat' dir='ltr'>consanguinitate</span> <span class='ocrx_word' id='word_1_308' title='bbox 611 4312 765 4367; x_wconf 86' lang='lat' dir='ltr'>doctrinae</span> <span class='ocrx_word' id='word_1_309' title='bbox 785 4311 843 4377; x_wconf 82' lang='lat' dir='ltr'>(Fr.</span> <span class='ocrx_word' id='word_1_310' title='bbox 862 4310 988 4375; x_wconf 89' lang='lat' dir='ltr'>Iunius).</span> 
     </span>
    </p>
   </div>
   <div class='ocr_carea' id='block_1_5' title="bbox 0 0 1796 5234">
    <p class='ocr_par' dir='ltr' id='par_1_7' title="bbox 0 0 1796 5234">
     <span class='ocr_line' id='line_1_38' title="bbox 0 0 1796 5234; baseline 0 4"><span class='ocrx_word' id='word_1_311' title='bbox 0 0 1796 5234; x_wconf 95' lang='lat' dir='ltr'> </span> 
     </span>
    </p>
   </div>
  </div>
 </body>
</html>
