3584 5234
746 686 1047 743 PROLEGOMENA.

415 908 434 985 ξ
458 907 489 970 2.
536 905 595 969 DE
620 904 999 972 PRAESCRIPTIONE
1024 903 1382 970 HAERETIOORUM.

406 1061 433 1121 1.
481 1058 613 1123 Librum
637 1059 687 1123 De
716 1057 970 1143 praescriptione
1004 1057 1239 1122 haeretieorum
1273 1057 1355 1121 inter
1391 1059 1497 1123 omnia

299 1161 489 1226 Tertulliani
513 1161 668 1246 opuscula
698 1162 793 1244 longe
828 1160 1138 1245 praestantissimum
1174 1179 1243 1224 esse
1279 1179 1388 1224 omnes
1424 1181 1497 1225 con-

298 1265 453 1344 sentiunt;
478 1263 535 1329 sed
559 1286 622 1348 qao
646 1272 794 1348 tempora
819 1265 930 1328 editus
954 1271 1049 1345 esset,
1074 1263 1173 1327 multa
1189 1262 1252 1325 ruit
1268 1264 1495 1328 controversia.

299 1366 482 1430 Communis
505 1372 647 1430 veterum
673 1366 903 1430 catholicorum
927 1365 1085 1429 sententia
1108 1363 1170 1426 fuit
1206 1365 1268 1443 (ex.
1294 1383 1341 1446 gr.
1367 1362 1496 1427 Baronii

296 1474 331 1531 et
369 1467 589 1549 Tillemontii),
636 1488 707 1532 eum
746 1468 859 1533 librum
900 1469 982 1532 inter
1021 1466 1190 1532 haereseos
1229 1472 1322 1550 septa
1352 1485 1496 1532 crescere

296 1590 361 1634 non
384 1571 527 1653 potuisse
550 1572 768 1654 scriptumque
792 1590 872 1652 esse,
909 1577 1081 1652 antequam
1105 1569 1146 1633 ab
1171 1569 1309 1634 ecclesia
1336 1568 1496 1634 catholica

296 1678 408 1736 auctor
425 1672 605 1754 recederet3
623 1679 720 1755 atque
742 1673 827 1737 hanc
847 1673 1039 1737 sententiam
1055 1691 1164 1735 veram
1186 1691 1257 1736 esse
1275 1691 1346 1735 cum
1371 1690 1412 1735 ex
1428 1677 1495 1736 toto

298 1773 359 1838 hoc
383 1774 463 1839 libro
487 1780 553 1838 tum
580 1795 620 1839 ex
642 1775 762 1840 ultimis
786 1775 855 1839 eius
878 1775 985 1839 verbis
1009 1779 1113 1857 patet:
1138 1775 1205 1838 ‘De
1234 1773 1367 1856 reliquo,
1392 1774 1418 1839 si
1443 1773 1496 1838 dei

294 1878 404 1958 gratia
428 1877 586 1957 adnuerit,
612 1879 709 1942 etiam
732 1878 918 1963 specialiter
942 1877 1133 1960 quibusdam
1150 1876 1346 1956 (haereticis)
1368 1896 1496 1960 respon-

296 1977 473 2060 debimus’3
498 2000 540 2044 ex
564 1979 652 2046 hisce
676 1982 758 2046 enim
783 1981 890 2045 verbis
915 1981 1069 2062 efficitur,
1103 1980 1257 2064 opuscula
1290 1986 1401 2045 contra
1434 1981 1496 2044 sin·

295 2082 389 2164 gulos
418 2083 598 2149 haereticos
614 2086 744 2170 scripta,
770 2106 820 2149 ex.
840 2106 888 2168 gr.
914 2090 1026 2149 contra
1043 2083 1238 2148 Marcionem
1260 2084 1496 2165 Hermogenem

296 2183 466 2266 Piericam,
495 2185 610 2250 librum
638 2187 688 2250 De
716 2187 969 2270 praescriptione
1003 2191 1112 2250 secuta
1148 2204 1227 2249 esse.
1276 2184 1388 2265 Itaque
1413 2203 1512 2266 quae·

296 2284 459 2351 Adversus
494 2287 688 2353 Marcionem
717 2290 733 2352 I
767 2287 780 2348 1
816 2288 979 2371 leguntur:
1020 2287 1100 2352 ‘Sed
1134 2287 1215 2351 alius
1250 2286 1376 2351 libellus
1411 2284 1495 2350 hunc

296 2387 432 2470 gradum
466 2390 635 2455 sustinebit
671 2389 826 2455 adversus
861 2389 1041 2455 haereticos
1082 2390 1179 2455 etiam
1214 2390 1282 2454 sine
1318 2393 1495 2453 retractatu

297 2489 512 2555 doctrinarum
536 2491 757 2574 revincendos,
787 2491 872 2574 quod
895 2491 957 2557 hoc
981 2493 1045 2557 sint
1068 2491 1108 2556 de
1132 2491 1384 2575 praescriptione
1408 2491 1495 2554 novi-

296 2592 395 2673 tatis’,
431 2613 494 2657 non
528 2593 569 2657 de
603 2594 684 2658 libro
719 2593 901 2670 scribendo,
931 2594 988 2659 sed
1012 2593 1053 2659 de
1077 2595 1109 2659 vi
1133 2601 1165 2658 et
1189 2594 1311 2658 ellectu
1333 2593 1407 2657 libri
1430 2593 1494 2656 iam

296 2694 408 2779 scripti
443 2695 662 2779 intellegenda
685 2704 767 2762 sunt.
816 2697 906 2774 Quae
930 2718 1000 2762 cum
1025 2699 1071 2761 ita
1104 2699 1177 2780 sint,
1214 2697 1294 2761 liber
1324 2697 1374 2760 De
1404 2714 1494 2780 prae·

296 2797 471 2880 scriptione
495 2819 578 2864 anno
604 2798 731 2864 circiter
754 2800 820 2864 200
844 2799 950 2864 editus
974 2799 1101 2865 videtur
1125 2820 1205 2866 esse.

399 2902 430 2964 2.
487 2902 660 2966 Maximum
692 2903 876 2986 primaevae
912 2901 1069 2967 ecclesiae
1104 2902 1281 2986 periculum
1317 2903 1494 2967 inminebat

293 3001 335 3065 ab
360 2999 485 3067 haeresi
507 3005 743 3087 pacaticorcm.
792 3001 854 3080 Qui
879 3022 951 3067 cum
975 3002 1145 3067 multorum
1170 3003 1292 3067 animos
1316 3011 1348 3067 et
1375 3023 1491 3086 eorum

293 3105 443 3188 maxime,
479 3105 534 3188 qui
570 3125 588 3170 e
623 3104 741 3171 scholis
774 3105 1039 3190 philosophorum
1072 3111 1238 3185 venerant,
1274 3105 1493 3171 achristiana

293 3205 449 3289 religione
465 3227 503 3272 eo
520 3207 697 3273 abalienari
714 3209 950 3291 cognovissent,
976 3206 1062 3289 quod
1079 3206 1272 3273 christianos
1289 3209 1396 3273 omnia
1411 3207 1492 3273 tidei

292 3307 431 3390 simplici
454 3310 593 3374 tribuere
616 3311 784 3395 putabant,
818 3311 877 3376 toti
902 3311 935 3374 in
959 3330 997 3375 eo
1021 3316 1121 3390 erant,
1150 3315 1186 3374 ut
1209 3309 1388 3375 doctrinam
1413 3310 1494 3375 chri·

293 3408 431 3472 stianam
455 3416 617 3491 tamquam
649 3411 876 3495 simpliciorem
912 3410 1107 3492 rudibusque
1142 3411 1280 3494 ingeniis
1314 3432 1493 3478 accommo-

293 3508 405 3575 datam
429 3511 671 3578 criminarentur
687 3520 719 3579 et
735 3513 813 3579 illud
840 3513 1009 3591 ‘Quaerite
1026 3521 1058 3578 et
1074 3513 1245 3580 invenietis
1263 3515 1391 3595 (Matth.
1406 3516 1436 3595 7,
1450 3516 1494 3596 ll'

291 3632 420 3698 semper
443 3614 476 3676 in
499 3634 554 3678 ore
577 3613 733 3680 habentes
749 3616 928 3699 perfectam
944 3616 1136 3700 sapientiam
1159 3614 1372 3698 adfectarent,
1398 3636 1492 3698 quam

291 3717 408 3800 partim
436 3715 641 3802 philosophia
663 3716 883 3802 profundiore,
920 3718 1037 3802 partim
1062 3717 1312 3783 revelationibus
1349 3720 1491 3802 secretis,

292 3820 408 3901 partim
432 3819 658 3884 traditionibus
682 3820 909 3904 apostolorum,
935 3820 988 3902 qui
1012 3839 1075 3884 non
1099 3820 1206 3884 omnia
1230 3821 1376 3885 omnibus
1392 3820 1492 3886 tradi·

291 3919 424 4004 dissent,
460 3927 596 3986 nanctos
619 3941 653 3986 se
678 3941 747 3987 esse
783 3921 986 3988 adserebant.
1033 3923 1140 4003 Atque
1176 3923 1222 3987 ita
1256 3921 1425 3986 multorum
1459 3929 1492 3989 et

293 4021 490 4089 ethnicorum
519 4031 552 4089 et
576 4024 821 4090 christianorum
845 4032 968 4089 mentes
983 4022 1025 4089 ad
1042 4044 1076 4089 se
1093 4023 1285 4089 adlexerunt
1308 4025 1361 4089 vel
1377 4026 1492 4092 saltem

293 4126 555 4193 sollicitaverunt.
922 4118 923 4121 ¹

397 4229 427 4294 3.
475 4228 581 4306 Quare
604 4229 781 4297 doctissimi
805 4231 962 4296 ecclesiae
986 4232 1045 4296 viri
1069 4230 1102 4295 id
1127 4230 1279 4315 temporis
1307 4231 1388 4295 nihil
1412 4232 1492 4297 anti·

288 4331 385 4412 quius
429 4331 581 4415 habuere,
628 4353 723 4416 quam
769 4340 804 4398 ut
841 4335 1068 4420 pacaticorum
1107 4334 1289 4418 fallacium
1326 4334 1490 4420 impiaque
