3584 5234
472 682 524 736 DE
543 679 727 737 PRAESOR.
747 681 864 736 HAER.
902 681 1032 735 XXXIII
1051 681 1241 737 9-XXXIV
1260 683 1285 736 3.
1458 683 1492 738 47

288 865 393 928 aeque
421 849 592 928 procreant
622 863 663 908 ex
691 851 745 908 sea
780 843 965 908 Sermonem
996 850 1028 909 et
1062 845 1184 925 Vitam,
1224 842 1341 909 debinc
1375 850 1407 909 et
1439 845 1492 909 isti

290 953 447 1031 generant
459 947 629 1011 Hominem
646 953 678 1011 et
694 944 886 1028 Ecclesiam,
910 946 952 1010 dc
969 966 1032 1029 qua
1047 946 1152 1030 prima
1168 943 1341 1029 ogdoadeb
1358 966 1493 1011 aeonum

290 1049 409 1114 exinde
434 1047 546 1113 decem
571 1048 702 1117 aliict⁰
725 1046 894 1111 duodecim
920 1047 1033 1129 reliqui
1058 1067 1175 1113 aeones
1198 1048 1286 1113 miris
1312 1047 1494 1114 nominibus

292 1153 434 1217 oriuntur
458 1151 490 1214 in
515 1170 635 1215 meram
659 1145 827 1214 fabulamd
844 1150 978 1233 triginta
994 1169 1140 1215 aeonum.
1187 1150 1297 1213 altem
1318 1150 1492 1234 apostolus,

292 1275 364 1320 cum
379 1253 541 1338 improbat
558 1252 723 1318 elementis
735 1253 939 1335 servientes¹,
958 1252 1080 1336 aliquid
1093 1253 1325 1336 Hermogenise
1342 1251 1493 1334 ostendit,

292 1357 346 1439 qui
375 1355 544 1420 materiam
568 1374 631 1419 non
655 1360 764 1419 natam
787 1353 994 1420 introducens
1024 1355 1085 1420 deo
1109 1376 1173 1420 non
1197 1361 1273 1419 nato
1297 1351 1385 1419 eamf
1410 1375 1495 1419 com·

292 1464 395 1542 parat,
420 1463 453 1522 et
475 1459 523 1522 ita
545 1464 679 1521 matrem
695 1456 923 1521 elementorum
941 1456 1035 1522 deam
1052 1456 1175 1522 taciens
1191 1463 1299 1540 potest
1314 1458 1344 1522 ci
1362 1457 1493 1538 servire,

291 1579 388 1641 quam
412 1558 473 1623 deo
498 1562 673 1641 comparat.

399 1686 426 1724 10
440 1659 602 1725 Iohannes
627 1660 753 1724 veroin
770 1660 968 1744 Apocalypsi
984 1658 1167 1744 idolothyta
1183 1657 1316 1725 edentes
1333 1667 1365 1725 et
1384 1666 1495 1744 stupra

293 1763 518 1828 conmittentes
557 1761 645 1839 iubet
684 1761 879 1843 castigare²3
920 1768 994 1827 sunt
1029 1767 1062 1827 et
1096 1781 1182 1826 nunc
1217 1761 1272 1825 alii
1296 1762 1494 1828 Nicolaitae:

294 1866 419 1930 Gaiana
450 1865 592 1930 haeresis
624 1864 751 1929 dicitur.
800 1891 825 1928 ιι
849 1865 892 1928 At
922 1865 955 1929 in
989 1865 1126 1948 epistula
1156 1885 1211 1931 eos
1244 1866 1382 1930 maxime
1415 1865 1496 1930 anti·

294 1967 430 2033 christos
454 1973 560 2049 vocat,
585 1967 639 2050 qui
657 1966 818 2032 Christum
842 1974 999 2050 negarent
1014 1968 1047 2031 in
1064 1975 1215 2032 carnemg
1231 1968 1368 2050 venisse,
1393 1968 1495 2049 etqui

293 2090 356 2134 non
384 2075 534 2154 putarent
551 2071 657 2135 Iesum
682 2089 752 2134 esse
769 2068 873 2132 filium
889 2067 972 2133 dei³:
997 2068 1076 2134 illud
1093 2069 1235 2135 Marcion
1242 2071 1266 2151 ⁴,
1290 2068 1352 2134 hoc
1368 2070 1496 2135 Hebion

293 2171 480 2238 vindicavit.
506 2196 532 2235 ιι
545 2171 751 2237 Simonianae
761 2177 867 2237 autem
878 2171 1007 2254 magiae
1018 2171 1187 2255 disciplina
1198 2171 1322 2255 angelis
1332 2172 1496 2237 serviens⁵

293 2275 403 2356 utique
427 2279 459 2340 et
482 2275 554 2357 ipsa
577 2274 660 2338 inter
683 2271 883 2338 idololatrias
901 2271 1127 2357 deputabatur,
1152 2279 1184 2338 et
1200 2295 1220 2338 a
1236 2274 1332 2338 Petro
1349 2274 1495 2358 apostolo

294 2377 419 2460 inipso
444 2375 574 2440 Simone
598 2374 820 2440 damnabatur.

215 2588 218 2593 ¹
296 2602 452 2666 XXXIV.
499 2600 598 2668 Aliae
622 2604 775 2668 haereses
791 2612 914 2688 postea
944 2606 1079 2670 obortae
1108 2607 1316 2670 damnaretur
1340 2613 1400 2670 aat
1424 2626 1497 2670 core-

295 2708 399 2771 sortio
420 2707 698 2790 praedicationis,
724 2709 813 2790 qaod
837 2729 912 2772 cam
936 2710 1129 2792 apostolicis
1153 2709 1346 2774 haeresibus
1365 2710 1496 2790 babeat,

390 2816 450 2873 aat
474 2816 670 2893 arparaereto
688 2811 903 2894 posteritatis
926 2831 1033 2894 supra
1058 2816 1098 2890 (c.
1122 2814 1178 2888 31)
1205 2817 1395 2878 memorato.

402 2967 493 3032 Haec
517 2970 600 3045 sunt,
625 2969 661 3027 ut
684 2963 832 3045 arbitror,
856 2983 977 3047 genera
1001 2963 1218 3029 doctrinarum
1234 2964 1496 3049 adulterinarum,

296 3089 378 3153 quae
403 3070 461 3134 sub
486 3066 641 3152 apostolis
665 3065 764 3131 tuisse
780 3066 821 3130 ab
839 3065 918 3149 ipsis
934 3066 1089 3150 apostolis
1106 3066 1268 3132 discimus.
1303 3068 1373 3132 aEt
1390 3073 1498 3135 tamen

296 3172 415 3237 nullam
443 3171 621 3236 invenimus
648 3168 880 3234 institutionem
915 3167 999 3232 inter
1031 3165 1102 3233 toth
1138 3167 1343 3235 diversitates
1373 3190 1498 3255 perver-

296 3273 436 3356 sitatum,
454 3290 536 3354 quae
551 3269 592 3334 de
605 3268 666 3334 deo
678 3275 824 3334 creatore
837 3269 1059 3335 universorum
1072 3272 1323 3336 controversiam
1334 3270 1498 3337 moventi.

295 3376 426 3444 aNemo
443 3374 578 3438 alterum
603 3371 698 3437 deum
715 3391 811 3438 ausus
828 3378 876 3437 est
893 3373 1060 3457 suspicari.
1097 3373 1240 3439 Facilius
1257 3373 1298 3439 de
1314 3374 1383 3440 filio
1402 3395 1497 3457 quam

459 3573 474 3604 a
494 3565 536 3617 ita
555 3563 610 3630 Ao,
630 3564 690 3619 dae
709 3566 791 3634 (pror
810 3579 849 3619 ex
869 3568 912 3628 se)
935 3564 1036 3618 ceteri.
1144 3564 1161 3605 b
1190 3565 1348 3635 opdoadae
1367 3565 1401 3626 A,
1426 3567 1499 3621 baec

457 3648 635 3704 iadecleoas
653 3646 701 3704 Sa.
775 3659 862 3705 ⁰om.
875 3648 912 3703 A.
986 3647 1099 3705 draira
1111 3651 1221 3720 fabata
1240 3650 1275 3705 A.
1348 3650 1499 3722 eale'qreid

459 3737 680 3802 Hermopeaera
689 3733 722 3802 L,
737 3732 871 3804 atiqaem
881 3735 1101 3804 Hermoaeaern
1111 3733 1200 3790 Sabo.
1273 3733 1286 3776 f
1302 3737 1498 3806 aotam(pro:

461 3824 533 3873 nato
554 3820 632 3886 cam)
652 3818 686 3872 A.
760 3829 888 3874 scarae
907 3818 1060 3889 LSabcpr.
1152 3819 1224 3874 hat
1243 3820 1326 3889 (prot
1347 3822 1425 3875 inter
1443 3824 1498 3884 tot)

456 3902 512 3960 LS.
621 3902 801 3959 iraooeriat
821 3903 849 3960 S.

403 4062 499 4119 1Gal.
525 4064 551 4133 4,
574 4065 599 4119 3.
709 4061 843 4135 ²Apoc.
862 4064 887 4133 2,
906 4065 950 4120 20.
1059 4062 1198 4119 llJoh.
1219 4065 1244 4130 2,
1264 4064 1307 4118 22.
1420 4062 1497 4120 4Ι)θ

298 4148 413 4206 Christo
433 4149 569 4204 docetioc
597 4150 754 4204 sentiebat.
870 4146 884 4187 ⁶
908 4150 996 4217 Iron,
1015 4147 1093 4203 Adv.
1113 4149 1229 4203 hasal
1254 4148 1297 4218 23,
1318 4147 1401 4216 1-43
1431 4149 1498 4218 Epi·

297 4235 436 4304 phanius,
464 4234 555 4289 Haer.
585 4234 633 4294 2l;
661 4232 778 4289 Auctor
808 4235 877 4288 libri
903 4233 982 4288 Adv.
1008 4249 1112 4290 omnes
1137 4234 1280 4290 haereses
1313 4250 1337 4287 c.
1353 4235 1383 4287 2:
1409 4233 1499 4288 Hunc

297 4318 445 4374 mundum
466 4320 504 4372 ab
525 4319 643 4389 angelis
663 4325 798 4373 creatum
818 4332 884 4373 esse
905 4319 1068 4373 somniavit
1087 4316 1199 4374 Simon.
