3584 5234
313 693 347 746 10
371 775 373 780 Ι
456 692 509 746 DE
528 691 867 748 PRAESCRIPTIONE
887 691 1196 748 HAERETICORUM
1215 693 1245 746 II
1264 693 1341 748 1-6.

311 855 458 920 sortitum
483 861 540 937 est,
564 861 620 920 ut*
643 854 825 920 omnimodo
850 855 901 938 sit,
926 854 1031 919 sicutb
1056 875 1185 920 causam
1202 855 1331 939 accipit,
1356 856 1396 921 ob
1414 875 1509 938 quam

311 957 363 1039 sit,
393 958 462 1023 sicc
485 958 550 1023 vim
579 959 793 1040 consequitur,
828 978 885 1041 per
909 977 1003 1039 quam
1027 958 1079 1041 sit,
1114 978 1154 1023 ne
1188 977 1257 1023 esse
1285 979 1349 1022 non
1376 959 1508 1042 possit1.

311 1153 355 1218 II.
402 1155 567 1218 Haereses
601 1162 639 1218 at
670 1155 779 1238 fabris
805 1156 1022 1219 detestandae
1054 1161 1084 1219 et
1111 1156 1369 1238 praecavendae
1391 1157 1510 1240 potins

311 1278 412 1341 qaam
435 1256 612 1320 mirandae
635 1263 734 1338 sant;
763 1257 871 1340 ‘apud
895 1278 949 1321 eos
974 1264 1106 1321 tantam
1129 1258 1272 1321 multant
1294 1257 1417 1338 calent,
1453 1259 1512 1341 qni

720 1360 756 1423 in
777 1361 844 1445 fide
868 1380 936 1423 non
959 1358 1094 1423 calent'.

418 1482 553 1547 Febrem
578 1481 738 1564 denique²
761 1482 845 1547 inter
874 1479 1023 1548 ceterosd
1053 1484 1236 1549 mortiferos
1272 1491 1304 1549 et
1337 1485 1510 1550 cruciarios

311 1585 416 1650 exitus
440 1583 625 1667 erogando³
649 1584 791 1649 bominie
815 1584 1002 1669 deputatam
1026 1605 1128 1668 neque
1151 1587 1226 1667 quia
1255 1593 1303 1651 est
1322 1583 1506 1650 miramars:

311 1693 360 1753 est
392 1688 489 1768 enim3
526 1706 629 1769 neque
665 1687 741 1768 quia
776 1693 913 1770 erogat&
948 1688 1124 1752 hominem:
1161 1687 1202 1753 ad
1238 1689 1299 1753 hoc
1335 1690 1418 1753 enim
1451 1695 1508 1754 est

311 1814 323 1852 a
347 1787 486 1854 Proinde
510 1788 661 1854 haereses
685 1787 728 1853 ad
752 1789 937 1872 languorem
963 1797 994 1852 et
1018 1775 1195 1855 interitum'
1214 1789 1294 1855 fidei
1323 1790 1508 1875 productas,

310 1892 338 1958 si
382 1893 624 1976 expavescimus
667 1891 729 1957 hoc
767 1889 901 1976 posseh‚
942 1893 1028 1976 prins
1067 1899 1132 1975 est,
1177 1899 1211 1958 ut
1257 1914 1510 1978 expavescamus

311 1995 372 2060 boc
396 2015 451 2060 eas
475 1991 564 2076 esse3
595 2015 676 2077 quae
701 1994 775 2059 dum
800 2001 882 2076 sunt,
919 1994 1040 2060 habent
1075 2015 1179 2079 posse,
1211 2002 1243 2060 et
1268 1995 1343 2060 dium
1367 1991 1515 2081 possunt

311 2097 431 2163 babent
467 2097 546 2163 esse'.
619 2123 631 2161 a
668 2097 733 2163 Sed
769 2099 866 2178 enim·
890 2098 1013 2163 febrem
1049 2106 1085 2162 ut
1117 2099 1235 2163 malum
1271 2105 1303 2163 et
1339 2097 1379 2163 de
1413 2118 1510 2164 causa

311 2207 343 2265 et
379 2199 419 2264 de
451 2202 597 2285 potentia
630 2220 697 2282 sua,
734 2206 769 2265 ut
802 2210 912 2265 notum
936 2207 993 2282 est,
1019 2202 1237 2265 abominamur
1271 2201 1379 2285 potius
1415 2221 1510 2283 quam

274 2314 281 2326 '
311 2304 462 2368 miramur
496 2310 538 2386 et,
564 2311 717 2386 quantum
741 2305 772 2369 in
796 2305 888 2369 nobis
913 2311 972 2385 est,
1004 2324 1245 2388 praecavemus,
1269 2325 1333 2370 non
1356 2303 1513 2370 habentes

311 2404 516 2470 abolitionem
541 2407 610 2472 eius
634 2407 666 2470 in
689 2412 798 2471 nostra
821 2413 993 2490 potestate.
1050 2432 1062 2469 4
1087 2407 1245 2472 Haereses
1269 2427 1345 2472 vero
1378 2411 1511 2472 mortem

311 2516 474 2574 aeternam
510 2515 542 2574 et
576 2509 705 2573 maioris
740 2509 824 2591 ignis
859 2508 1007 2574 ardorem
1031 2509 1206 2574 inferentes
1229 2510 1351 2574 malunt
1382 2508 1511 2592 qnidam

312 2611 431 2693 mirari,
468 2611 553 2694 quod
589 2611 651 2677 boc
690 2611 824 2695 possint,
860 2632 956 2695 quam
992 2611 1148 2694 devitare,
1184 2632 1224 2677 ne
1253 2611 1402 2697 possinti,
1438 2634 1510 2678 cum

311 2711 452 2779 babeant
487 2713 654 2779 devitandi
690 2720 892 2798 potestatem.
964 2739 976 2779 a
1016 2715 1164 2791 Ceterum
1203 2714 1285 2778 nibil
1323 2712 1511 2798 valebunt,

312 2816 339 2881 si
363 2816 435 2882 illas
459 2822 581 2881 tantum
606 2817 713 2882 valere
736 2836 800 2881 non
828 2817 992 2882 mirentur.
1039 2819 1104 2882 Aut
1130 2818 1223 2894 enim,
1246 2816 1321 2881 dum
1345 2818 1510 2900 mirantur,

311 2919 346 2981 in
381 2917 567 2983 scandalum
603 2917 916 2998 subministrantur⁴;
955 2924 1010 2983 aut
1041 2918 1115 3000 quia
1143 2918 1511 3001 scandalizantu1·‚ideo

314 3020 489 3103 mirantur,
529 3022 636 3103 quasi,
677 3019 779 3104 quod¹
818 3028 943 3086 tantum
983 3022 1127 3104 valeant,
1175 3042 1215 3086 ex
1255 3021 1364 3104 aliqua
1402 3024 1511 3088 veniat

312 3123 489 3190 veritatem.
551 3149 563 3188 o
592 3124 707 3188 Mirum
746 3124 881 3206 scilicet,
917 3130 952 3189 ut
991 3125 1107 3189 malum
1147 3126 1232 3190 vires
1271 3144 1345 3190 suas
1375 3125 1510 3206 babeat3

472 3342 559 3387 eom.
586 3331 633 3388 LS
653 3335 700 3388 bc.
809 3333 898 3387 bom.
918 3332 973 3388 Ao.
1082 3335 1185 3388 chaec
1204 3334 1250 3388 Ao
1368 3332 1456 3389 dom.
1476 3335 1511 3389 A.

408 3455 410 3460 ·
472 3417 851 3488 caeprotaaaoaomtnem
861 3418 895 3473 Α.
969 3418 982 3460 f
999 3418 1185 3474 mirabimur
1195 3418 1224 3475 S.
1298 3423 1434 3489 saeprot
1455 3418 1511 3474 tA.

472 3502 547 3558 hita
565 3504 620 3572 Ao,
640 3505 694 3559 boc
713 3519 766 3558 aas
782 3519 873 3572 posse
892 3521 929 3574 pr
948 3520 1016 3558 cum
1041 3505 1174 3573 reliquis.
1275 3503 1284 3545 ἱ
1313 3521 1407 3574 quarn
1433 3503 1511 3558 devi-
1551 3517 1553 3520 ·

475 3590 540 3641 tare
559 3603 596 3641 ne
612 3585 737 3655 possint
756 3603 812 3641 om.
834 3586 869 3641 A.
970 3586 989 3628 k
1015 3585 1124 3642 calebit
1143 3588 1178 3642 A.
1280 3587 1288 3629 ¹
1318 3591 1400 3658 quod
1420 3585 1512 3657 quasi

475 3671 509 3740 A,
530 3673 612 3740 qaod
632 3688 726 3741 qaam
740 3674 793 3727 sed
805 3672 839 3740 L,
859 3672 941 3741 qnod
952 3671 971 3727 S
983 3678 1012 3726 et
1024 3675 1123 3727 ceteri.
1210 3681 1235 3712 m
1250 3674 1292 3727 ita
1303 3672 1338 3738 A,
1357 3687 1395 3726 ecc
1405 3669 1511 3740 aliqua

472 3754 597 3810 veniant
627 3755 754 3811 ueritate
780 3756 814 3825 L,
847 3773 884 3812 ecc
915 3755 1022 3827 aliqua
1055 3757 1180 3812 veritate
1211 3756 1336 3812 veniant
1366 3757 1468 3810 ceteri.

317 3934 320 3941 ·
418 3910 430 3947 ¹
449 3913 467 3965 i.
483 3927 508 3966 e.
523 3913 592 3980 vim,
612 3927 666 3981 per
680 3927 771 3981 quam
785 3914 825 3966 sit
838 3920 867 3967 et
878 3928 939 3967 non
951 3914 1099 3967 exsistere
1109 3928 1171 3965 non
1186 3913 1288 3981 possit
1323 3909 1439 3978 Sensus
1453 3916 1511 3965 est:

312 3994 386 4050 Esse
405 3998 436 4049 et
456 4010 579 4050 causam
599 3996 720 4065 habere,
741 3996 817 4051 haec
837 3997 917 4050 duae
937 4011 986 4050 res
1011 3997 1200 4049 necessitatis
1228 3995 1348 4049 vinculo
1375 3997 1453 4049 inter
1480 4011 1512 4050 se

313 4080 494 4135 coniunctae
514 4083 599 4148 sunt3
619 4095 658 4134 ex
678 4094 773 4134 causa
792 4086 894 4134 autem
916 4096 972 4135 sua
985 4094 1191 4148 unaquaeque
1203 4094 1252 4134 res
1265 4081 1327 4132 vim
1341 4080 1390 4135 vel
1410 4085 1513 4150 poten·

312 4163 386 4217 tiam
406 4163 571 4217 exsistendi
591 4163 722 4218 sortitur.
824 4161 836 4199 ²
854 4163 923 4218 Vox
942 4161 1074 4232 deniqne
1088 4163 1171 4232 apud
1185 4162 1406 4218 Tertullianum
1420 4179 1514 4234 saepe

311 4248 393 4302 idem
420 4249 580 4318 significat,
610 4249 692 4317 quod
720 4245 763 4302 ita
793 4249 841 4303 vel
869 4264 914 4303 eac.
934 4265 980 4319 pr.
1088 4244 1295 4304 3occidendo.
1404 4247 1417 4285 ⁴
1446 4250 1513 4305 aliis

312 4347 417 4387 ansam
439 4333 666 4387 scandalizandi
685 4334 923 4389 subministrant.

292 4628 380 4682 E
