3584 5234
420 1211 611 1276 Franciscus
635 1209 752 1277 Oehler
780 1210 934 1274 maiorem
958 1230 1048 1274 suam
1072 1229 1204 1294 operum
1221 1207 1510 1272 Tertullianeorum

314 1326 489 1392 editionem
513 1325 726 1411 adparaturus
750 1323 895 1390 codicem
920 1326 1170 1389 vetustissimum
1187 1323 1429 1407 Agobardinum
1446 1323 1511 1388 suis

313 1442 415 1507 oculis
443 1462 507 1506 non
542 1440 634 1520 vidit,
670 1440 728 1507 sed
760 1430 886 1505 duabus
923 1439 1157 1506 conlationibus
1186 1440 1308 1504 Baluzii
1344 1445 1377 1504 et
1402 1437 1511 1503 Hilde-

313 1557 428 1624 brandi
451 1577 527 1624 usus
551 1565 608 1622 est.
656 1556 746 1635 Quae
782 1577 852 1623 cum
888 1557 1058 1640 plurimum
1092 1556 1176 1620 inter
1210 1576 1244 1621 se
1280 1555 1511 1639 discreparent,

311 1674 569 1757 frequentissime
592 1675 732 1739 incertus
756 1672 940 1755 haesitavit,
971 1672 1072 1737 utrius
1095 1672 1226 1737 lectioni
1249 1671 1511 1756 adstipularetur.

313 1791 426 1872 ltaque
449 1790 518 1875 ipse
542 1809 653 1872 mense
673 1795 808 1872 augusto
826 1789 921 1854 huius
944 1788 1019 1852 anni
1043 1787 1186 1852 Parisios
1208 1787 1373 1872 profectus
1396 1787 1511 1851 librum

313 1907 363 1971 De
386 1906 638 1992 praescriptione
661 1905 694 1970 in
719 1926 756 1970 eo
781 1905 893 1971 codice
919 1904 1023 1970 denuo
1048 1903 1179 1969 contuli.
1225 1905 1295 1968 Iam
1318 1904 1414 1987 paulo
1435 1909 1510 1968 ante

313 2003 458 2088 codicem
493 2021 776 2088 Seletstadiensem
810 2041 895 2086 saec.
928 2021 988 2102 XI,
1024 2040 1118 2102 quem
1152 2027 1226 2104 post
1259 2020 1394 2084 Beatum
1429 2018 1512 2084 Rhe·

311 2159 439 2221 nanum,
476 2138 631 2204 editorem
665 2137 843 2223 principem
867 2136 1068 2219 Tertulliani,
1104 2156 1196 2202 nemo
1233 2147 1438 2220 cognoverat,
1475 2137 1508 2201 in

312 2254 509 2320 bibliotheca
532 2254 637 2338 Regia
650 2254 809 2319 Bonnensi
833 2273 1094 2336 recognoveram,
1119 2258 1152 2317 et
1168 2251 1229 2318 bac
1246 2251 1324 2317 data
1340 2252 1510 2318 occasione

313 2369 506 2454 amplissimo
542 2371 743 2452 magistratui
777 2370 863 2435 urbis
887 2367 1112 2452 Schlettstadt,
1148 2370 1201 2451 qui
1238 2367 1382 2433 codicem
1406 2388 1511 2434 meum

313 2487 346 2550 in
362 2505 453 2551 usum
469 2486 696 2568 benignissime
713 2486 853 2566 miserat,
877 2486 992 2550 iterum
1009 2485 1131 2569 gratias
1148 2504 1245 2567 agere
1261 2485 1376 2568 gestie.
1414 2485 1511 2551 Hisce

314 2601 464 2666 subsidiis
499 2602 638 2665 munitus
672 2606 796 2665 textum
831 2601 906 2665 libri
929 2602 979 2666 De
1005 2601 1257 2686 praescriptione
1292 2600 1402 2666 multis
1432 2600 1511 2666 locis

314 2716 502 2783 emendasse
526 2716 602 2780 mihi
626 2715 748 2781 videor.

420 2831 619 2918 Adpendicis
655 2833 725 2897 loco
750 2833 941 2898 Tertulliani
978 2834 1131 2919 opusculo
1167 2833 1300 2897 adiunxi
1334 2854 1360 2899 s.
1386 2833 1511 2898 Irenaei

312 2949 476 3016 Adversus
511 2947 659 3014 haereses
693 2950 803 3033 capita
827 2949 920 3013 1113
949 2957 981 3014 et
1004 2949 1035 3030 4,
1072 2949 1171 3014 totius
1206 2950 1313 3033 operis
1347 2950 1511 3033 praestan·

313 3067 445 3142 tissima,
474 3065 508 3129 in
532 3063 647 3147 quibus
671 3070 703 3129 et
726 3065 805 3149 ipsis
838 3065 1016 3130 auctoritas
1052 3065 1292 3130 ecclesiasticae
1325 3063 1510 3130 traditionis

312 3181 561 3246 luculentissime
584 3179 780 3245 defenditur.

420 3295 521 3360 Simul
554 3315 625 3360 cum
658 3296 720 3361 hoc
752 3295 909 3361 fasciculo
948 3302 1060 3379 quarto
1095 3296 1250 3361 emittitur
1274 3297 1413 3378 quintus,
1429 3365 1432 3373 ,
1447 3315 1511 3378 quo

313 3411 474 3477 Vincentii
498 3410 683 3478 Lerinensis
708 3411 957 3477 Commonitoria
982 3411 1193 3476 continentur.

420 3566 544 3650 Scripsi
567 3565 697 3632 Bonnae
719 3565 826 3632 idibus
849 3568 1033 3633 octobribus
1056 3567 1189 3633 MOMV.
